2408 4148
276 316 429 368 narrata
453 311 740 368 rmntcaurrct
907 287 949 360 15

58 495 208 556 tNtstJM
229 494 486 558 STELLATUM.
522 492 599 556 Artis
620 489 788 552 estrcllado.
809 487 951 550 Fructus.

94 596 204 658 Arbor.

134 717 274 778 Illicium
296 718 446 778 anisatum
467 717 502 778 L.

94 838 208 900 Locus.
229 836 353 901 Habitat
373 835 404 897 in
426 833 568 909 Tauria,
595 831 690 896 Chinn
712 848 742 894 et
762 831 865 894 insulis
885 831 955 894 Phi·

54 935 186 1021 lippinis.

94 1041 227 1100 Forma.
248 1036 379 1096 Fructus
399 1037 579 1117 compositus
600 1047 725 1096 exacto
746 1044 798 1094 aut
822 1031 955 1124 pluribus

54 1138 184 1221 capsulis
199 1139 294 1200 oratis
304 1134 527 1196 horizontaliter
538 1134 673 1195 stellatim
686 1131 843 1216 dispositis,
855 1143 956 1192 orato·

54 1235 217 1319 oblongis,
237 1240 349 1318 rugosis
360 1282 373 1312 ,
399 1237 501 1317 duris,
536 1233 731 1318 compressis,
760 1231 956 1316 ferrugineis,

54 1337 180 1399 inferius
201 1339 359 1408 convexis,
394 1340 477 1418 apice
506 1334 741 1398 dehiscentibus:
775 1331 958 1415 inquorum

56 1435 240 1499 caritatibus
261 1436 382 1518 singulis
403 1437 514 1498 semina
535 1449 642 1512 ovata,
663 1435 865 1519 planiusculu,
889 1457 957 1496 cor-

57 1535 115 1598 tice
137 1535 275 1596 coriaceo
295 1535 414 1615 lucida,
435 1535 565 1595 medulla
586 1534 693 1596 albida.

101 1637 253 1716 Propriet.
285 1636 370 1695 Odor
400 1635 590 1717 capsularnm
620 1636 718 1696 similis
748 1637 842 1696 Anisi:
872 1655 959 1715 sapor

60 1735 222 1818 congruit,
253 1734 367 1808 dulcis,
401 1734 510 1796 suavis.
544 1735 630 1796 Odor
658 1755 806 1816 saporque
841 1733 958 1794 corticis

58 1839 207 1896 seminum
229 1831 378 1894 consentit
398 1833 467 1893 otim
486 1833 552 1906 illu,
584 1834 636 1894 sed
660 1832 792 1894 debilior.
826 1832 960 1893 Medulla

58 1946 106 1997 est
128 1935 247 2011 cleosa,
270 1931 369 1994 odoris
390 1936 563 2016 saporisque
583 1932 676 1993 sortis.

59 2091 329 2158 insistuntur.
362 2093 547 2154 Ammonio.
584 2071 818 2156 sennensium
851 2093 960 2156 suttune
1056 2139 1058 2146 ,

9 2267 16 2274 Ι
59 2245 67 2256 ,
100 2198 235 2255 minerae
255 2187 388 2254 indolem
410 2194 563 2275 adeptum.
660 2229 662 2235 ·

141 2316 276 2374 Stibinm
298 2316 431 2375 striatam
452 2317 477 2374 L

454 2359 488 2408 a?

101 2437 210 2496 Locus.
225 2434 347 2494 Habitat
361 2438 390 2495 in
404 2434 516 2526 Gallia,
536 2436 702 2538 ilungaria,
723 2437 889 2515 Lusitanis,
905 2449 961 2498 etc.

100 2535 234 2594 Forma.
255 2534 523 2624 Semimetallum,
546 2537 632 2616 qnod¹
661 2536 780 2597 sulfuris
813 2537 869 2618 op'e
904 2541 960 2597 nii·

61 2654 151 2695 nerae
172 2633 298 2693 lerinam
320 2645 351 2693 et
371 2632 502 2694 indolem
517 2635 659 2716 adeptum
683 2651 744 2708 est,
764 2636 962 2718 compositum

61 2731 177 2790 acubus
199 2745 253 2790 aut
274 2730 388 2791 laminis
409 2733 474 2812 plus
489 2729 624 2794 minusve
640 2733 828 2813 longiusculis
843 2749 873 2794 et
886 2737 971 2794 crasi

61 2833 119 2900 sis,
153 2829 295 2912 parallele
322 2831 360 2889 a'd
392 2852 423 2889 ae
444 2829 573 2891 invicem
594 2833 756 2915 appositis,
789 2831 964 2913 fragilibus,
1054 2871 1059 2882 ·

60 2928 186 3002 lucidis,
218 2928 407 3008 nigrescentis
430 2945 482 2989 aut
503 2932 728 2992 coerulescentis
750 2931 866 2992 coloris.
897 2932 964 2993 Eli·
1047 3003 1050 3016 Ὺ

61 3031 161 3112 ganda
182 3041 251 3090 sunt
271 3031 363 3090 frusta
385 3053 459 3113 puro
481 3052 518 3090 ea
537 3015 648 3109 lorma,
670 3045 703 3092 ut
717 3034 829 3112 acubus
850 3034 963 3114 longis,

60 3132 148 3209 latis,
180 3131 262 3190 bellis
293 3131 577 3212 splendentibusque
607 3147 790 3214 appareant,
826 3146 862 3194 nt
879 3133 963 3195 tacite

60 3231 238 3311 frangantur
259 3229 449 3310 pondereque
469 3228 592 3310 insignia
613 3231 680 3292 sint.

103 3330 254 3410 Proprias.
276 3331 337 3390 Nec
353 3331 429 3389 odor
441 3352 496 3390 nec
511 3352 599 3413 sapor
609 3332 695 3396 ullus.
706 3333 848 3393 Fractusn
862 3349 963 3395 autem

63 3443 117 3491 aut
136 3429 255 3489 frictum
278 3427 414 3509 protinus
437 3431 530 3488 sulfur
559 3430 681 3491 redolet.
713 3431 869 3492 Facillime
894 3433 963 3493 sun·

64 3529 161 3606 ditur,
180 3528 286 3592 tubuln
301 3529 411 3592 lusorio
423 3531 595 3613 expositum
609 3531 713 3612 fumat,
725 3533 860 3594 funditur
874 3555 964 3618 super
