2408 4148
318 275 468 324 nirenta
492 259 774 325 vmmrcrarrci.
949 275 989 322 ar

17 443 18 448 ‘
87 399 318 508 nsnssnon
339 448 369 509 s.
390 449 574 511 neonus.
596 451 744 510 nasama
759 446 797 509 a.
813 444 913 510 rotor
937 447 994 508 ue-

131 568 209 610 sma.
907 581 911 584 ·

175 667 315 748 ignotum
336 687 427 748 genus
447 668 583 750 plantae,
604 668 682 730 unde
703 681 846 756 sumatur.

128 784 244 848 Locus.
267 785 422 849 Invenitur
441 790 471 850 in
493 788 592 850 lnsula
614 789 646 852 S.
668 789 816 851 Thomae.
838 786 945 850 Arbor.

130 889 264 948 Forma.
285 886 393 948 Recine
414 886 552 970 liquidior
572 889 660 950 melle
681 887 775 971 spisso
795 900 847 950 eut
867 886 994 950 terebin-

88 986 198 1071 thina:
220 987 326 1048 coloris
348 989 429 1050 aurei
448 1003 501 1050 aut
513 987 619 1072 pallide
634 987 719 1070 davi,
739 986 993 1072 glutinusappel·

85 1085 202 1148 lucida.
285 1131 289 1137 ·

78 1233 80 1238 .
130 1187 283 1268 Proprict.
298 1185 384 1248 Odor·
396 1185 530 1269 fragrans
541 1232 549 1260 ,
562 1198 672 1269 gratus.
689 1187 787 1270 Sapor
799 1184 890 1262 terit,
910 1206 993 1248 anta·

85 1307 152 1349 rus.
174 1285 392 1348 Manducntum
414 1285 496 1347 ha'ud
518 1286 644 1350 solvitur
663 1279 828 1372 ins-oliva,
848 1285 901 1348 sed
921 1287 994 1348 den·
1101 1359 1107 1372 .

88 1387 171 1460 tibus
192 1387 357 1450 adhaerete
390 1387 428 1449 ad
448 1386 602 1449 flammam
628 1389 820 1468 accenditur,
850 1388 904 1450 sed
919 1408 994 1471 ,pro-

87 1491 169 1550 tinus
191 1487 352 1570 liquescit,
384 1488 527 1570 guttatim
557 1486 662 1550 defluit
683 1503 715 1550 et
734 1486 937 1570 exstinguitur.
959 1488 992 1548 ln

90 1589 155 1669 ipso
176 1599 264 1648 aestu
284 1586 360 1669 ignis
374 1586 495 1649 omnino
510 1587 657 1662 funditur,
672 1588 710 1649 ad
724 1586 874 1649 flammam
890 1597 992 1650 autem

91 1685 189 1750 vivide
201 1708 358 1748 accensum
372 1688 488 1749 fumum
504 1689 614 1771 spargit
624 1698 749 1770 gratnm.
760 1686 892 1749 Solvitur
903 1675 1000 1750 omne.

86 1784 118 1847 in
141 1790 247 1870 spiritu
269 1787 326 1848 vini
348 1764 686 1948 rectificJfflncillime
701 1791 840 1850 miscetur
860 1783 933 1848 oleis
947 1805 991 1846 es·

88 1885 284 1966 sentiatibus,
306 1891 449 1971 aegerrim
491 1887 556 1950 lixis
577 1886 728 1971 adipique.
759 1890 793 1948 ln
812 1908 889 1970 equa
908 1885 990 1948 haud

86 1989 234 2064 solvitur,
256 1990 318 2050 -sed
349 1988 494 2052 ebulliens
522 2009 590 2052 cum
613 2011 667 2065 ea,
696 1989 821 2052 odorent
842 1991 991 2070 impertit,

85 2091 297 2174 quadantenus
318 2090 449 2172 iungitur
469 2111 526 2173 ope
547 2089 731 2172 mucilaginis
752 2103 806 2151 eut
826 2085 918 2150 vitelli
932 2085 992 2150 ovi.

63 2240 65 2244 ’
87 2252 293 2314 utuntur.
315 2251 472 2324 sardana.
493 2249 600 2312 Radix.

120 2419 125 2422 -
171 2373 313 2434 Arctium
336 2369 450 2454 lappa
470 2373 506 2434 L.
568 2367 572 2392 ”
609 2413 611 2416 -

129 2493 242 2554 Locris.
266 2491 387 2552 Habitat
401 2491 530 2564 inlotis
550 2490 635 2552 cultis
655 2479 833 2552 Lusitaniae.
847 2493 952 2552 Floret
972 2513 989 2550 a

87 2593 175 2655 lunio
196 2595 234 2654 ad
256 2577 471 2674 Septembrem.
484 2593 636 2655 'Perennis
658 2592 797 2674 vulgaris.

129 2695 259 2756 Forma.
295 2694 388 2753 Radix
414 2691 591 2767 fusilormis‚
627 2707 717 2772 teres,
752 2691 989 2773 pedemlonga,
1093 2687 1094 2690 ¹

27 2790 30 2796 ’
88 2792 225 2854 radiculis
247 2795 362 2867 cincto,
384 2792 494 2853 cortice
516 2793 636 2854 cinereo
657 2804 709 2853 aut
728 2791 902 2873 nigricante.
928 2792 987 2850 Pa·
1076 2799 1079 2803 '
1113 2833 1115 2837 a

88 2893 248 2974 renchyma
270 2890 388 2965 album,
409 2890 598 2952 transversim
619 2902 732 2952 sectum
753 2889 853 2973 prodit
873 2871 989 2950 medul-v

88 2991 146 3054 lam
170 2989 359 3072 spongiosam
381 2989 589 3053 orbicularem.
612 2992 726 3053 Siccata
748 3005 792 3052 est
812 2991 906 3069 dura,
927 2991 987 3053 lra-

89 3090 176 3174 gilis‚
199 3087 307 3150 eoloris
329 3093 449 3152 sordidi.

129 3191 284 3271 Propriet.
307 3189 393 3252 Odor
418 3191 522 3270 nullus.
556 3192 654 3274 Sapor
683 3191 848 3266 subdulcis‚
878 3192 987 3251 amati-
1071 3239 1076 3242 .

89 3312 166 3352 cans.
187 3291 368 3355 Manducata
382 3293 528 3354 mollescit
543 3294 572 3353 in
587 3315 657 3369 ore,
681 3292 910 3370 comminuitur,
931 3310 986 3354 nee
1025 3369 1028 3375 .

91 3389 205 3477 ingrata
226 3403 281 3456 est.
