2408 4148
242 323 292 412 64
628 342 710 391 enne
737 343 759 389 1.

245 518 414 580 bannus.
437 519 595 579 Laureiro.
616 519 724 596 Folia,
745 515 866 576 baccae.

325 640 448 700 Laurus
469 639 574 699 nobilis
593 639 629 698 L.

284 759 392 818 Meas.
425 757 548 817 Habitat
569 755 599 815 in
628 754 799 831 Lusitania,
829 751 990 837 Hispania,
1020 753 1146 814 Graecia

245 869 275 920 el
296 859 428 918 Oriente.
449 858 553 918 Floret
573 855 687 918 Mastia
706 867 737 917 et
759 855 863 938 Aprili.
886 855 991 916 Arbor.

285 961 413 1019 Forma.
428 957 515 1019 Folia
538 958 668 1031 alterna,
689 957 852 1040 petiolata,
873 955 1052 1031 lanceolata,
1080 953 1147 1038 plus

244 1060 381 1119 minusve
395 1058 558 1138 undulata,
581 1057 678 1130 dura,
699 1054 851 1129 cosiaeea,
867 1073 1010 1128 nervosa,
1023 1047 1147 1132 viridia,

245 1154 385 1240 satrinque
406 1159 525 1239 glabra,
560 1177 652 1217 unum
684 1157 799 1218 duosve
831 1154 952 1238 pollices
973 1155 1055 1234 lala,
1090 1167 1150 1215 tras

244 1259 289 1319 sel
311 1256 443 1338 quinque
464 1257 563 1338 longa.
593 1257 705 1317 Raoo'ae
732 1275 801 1316 cum
828 1254 974 1316 olivarum
1001 1253 1147 1314 fructibus

246 1359 481 1440 comparandae,
496 1357 611 1434 ovales,
633 1355 870 1420 coerulescentes
885 1367 937 1417 aut
952 1353 1054 1437 nigrae
1070 1370 1149 1424 sunt,

247 1461 319 1520 dum
341 1469 475 1520 matutae
486 1503 495 1538 ,
519 1459 710 1538 sublucidae,
733 1479 795 1518 uno
815 1459 960 1519 duntaxat
973 1456 1098 1532 loculo,
1119 1454 1148 1515 io

246 1581 308 1641 quo
330 1560 451 1620 nucleus
466 1557 638 1640 bipes-sibilis
660 1557 788 1636 residet,
809 1562 858 1640 qui
873 1557 985 1620 solidus
999 1571 1062 1632 est,
1077 1557 1148 1618 dum

249 1663 388 1721 siccescit.

183 1765 189 1776 '
288 1763 438 1841 Propriet.
459 1761 546 1820 Odor
566 1771 611 1822 est
631 1758 834 1821 aromaticus:
853 1779 944 1842 sapor
963 1759 1057 1832 soris,
1081 1777 1148 1820 aso·

249 1861 393 1933 mutiens,
415 1859 601 1921 subamasus.

247 2021 501 2090 Lavenuuus.
524 2017 695 2103 Alfaaema.
719 2018 841 2101 Calyaes
862 2032 893 2080 et
913 2015 1013 2080 flores.

331 2140 515 2199 Levandala
536 2140 633 2217 Spica
654 2140 690 2198 L.

291 2241 400 2300 Locus.
422 2238 545 2325 Habita-t
567 2241 595 2297 in
616 2239 686 2298 loeis
712 2236 866 2299 sabulosis·
874 2235 979 2299 ltaliae
991 2248 1004 2316 ,¹
1034 2225 1148 2298 Gallias

249 2349 282 2404 at
303 2337 482 2420 Hispaniae,
512 2337 620 2396 colitur
648 2336 679 2396 iu
708 2322 803 2397 bostis
836 2334 1013 2397 Lusitaniae.
1046 2337 1149 2396 Floret

248 2436 337 2498 lunio
357 2448 389 2498 et
410 2435 495 2498 lulio.
517 2435 697 2497 Fruticulus.

289 2538 418 2598 Forma.
452 2534 558 2595 Florae
589 2547 658 2594 sunt
676 2531 786 2609 caesii,
815 2531 967 2611 bilabiati,
999 2532 1149 2616 ealyoibus

252 2633 342 2697 uincti
362 2634 513 2710 tubulosit,
535 2631 665 2712 striatis,
685 2633 923 2714 pubescentibus,
944 2633 1028 2717 apice
1041 2655 1149 2696 coesu-

249 2733 449 2810 lesoentibus,
470 2732 584 2807 incisis,
606 2733 786 2816 quadrifidis.

291 2835 445 2914 Propi-iet.
461 2836 549 2896 Odoa-
561 2835 709 2916 fragrans,
729 2833 831 2908 sortis,
851 2834 957 2896 suavis.
973 2835 1071 2918 Sapor
1085 2855 1151 2896 sro·

251 2936 397 3008 maneus,
418 2933 610 3010 subamasus,
630 2933 732 2996 odoris
753 2917 896 2996 aemulus
919 2937 1104 3007 Meaduoata
1117 2955 1149 2998 os

250 3053 356 3115 pssum
377 3033 520 3096 calefacit.

251 3193 402 3255 LICHEN
425 3193 671 3256 lSLANDlCUS.
692 3196 802 3276 Musgo
824 3197 983 3260 islandiae.
1006 3195 1117 3260 Herba.

333 3314 445 3374 Lichan
466 3315 630 3375 silandicus
650 3315 686 3375 L.

216 3397 257 3415 ’μ
292 3409 539 3481 Locu'sstlabis'as
552 3415 585 3479 i'n'
596 3409 674 3479 teii‘n
686 3415 805 3492 'itesili',
824 3415 919 3493 sicea,
947 3417 1076 3501 iupestsi
1090 3419 1149 3479 Eu·

252 3538 362 3600 sopae,
381 3523 507 3584 maxime
528 3519 558 3580 in
580 3518 723 3595 lelandin,
743 3517 774 3580 in
790 3519 958 3584 borealibus
973 3521 1148 3602 regionibus,
