2408 4148
269 275 425 328 narcara
447 277 734 330 rutaatcaurrct
896 254 942 358 73

92 385 246 472 Propriae.
269 393 382 456 Cortex
401 393 507 458 radicis
527 394 623 456 siccae
643 395 724 456 nulio
745 394 839 456 odore
865 416 951 478 prae·

49 486 130 548 ditus
152 500 207 550 est.
228 491 372 573 Saporem
392 494 452 554 fere
467 495 581 559 nulium
595 493 702 567 babet,
721 495 772 554 sed
787 493 839 554 diu
854 497 883 555 in
898 517 951 560 ore

51 601 207 670 servatus,
226 605 272 652 est
292 591 386 672 acris,
407 593 531 671 ardeus,
553 593 664 675 diuque
686 596 714 653 in
735 594 866 656 faucibus
879 597 953 656 hae·

50 702 108 749 ret.
129 690 212 749 Dum
234 712 339 752 recens
360 707 423 767 ast,
444 692 604 758 acerrimus
626 713 689 755 esse
711 709 742 755 et
761 693 860 756 fauces
890 695 951 757 fere

49 787 238 850 inflammare
254 796 433 854 consuescit.

49 945 353 1012 mrssarosrun.
375 951 551 1032 Marmora.
571 953 662 1014 aona
682 965 712 1015 a
732 953 832 1020 nores.
863 927 874 948 '

112 1073 276 1133 -Acitiiiea
297 1073 494 1152 Millefolium
515 1075 551 1134 1..

90 1191 206 1252 Locus.
228 1189 351 1255 Habitat
371 1195 400 1250 in
419 1192 529 1273 campis
549 1204 581 1254 et
600 1192 692 1276 pratis
706 1194 856 1276 Europae.
878 1194 953 1258 Fiu-

50 1303 99 1354 ret
120 1315 137 1354 a
160 1291 241 1352 Maio
258 1291 298 1354 ad
322 1291 438 1354 iulium.
459 1293 611 1356 Perennis.
944 1360 948 1378 ‚

92 1395 219 1454 Forma.
238 1394 324 1454 Folia
344 1395 552 1468 suntsessiiia,
573 1395 726 1475 elongata,
748 1394 953 1478 amplexicau·
1053 1393 1058 1405 ’

51 1493 113 1565 lia,
131 1493 260 1566 alterna,
279 1491 450 1574 bipinnata,
471 1492 626 1576 apposita,
645 1493 748 1555 foliolis
762 1493 952 1577 ianceclatis,

54 1593 191 1664 tenuas,
206 1612 295 1673 supra
309 1591 510 1672 pubescentia,
523 1591 625 1652 subtus
635 1591 869 1654 subtementosa.
884 1594 955 1667 Flo·

55 1712 101 1754 res
121 1689 284 1772 compositi
299 1689 511 1776 radiati,¹albi.
531 1690 661 1752 Flosculi
677 1692 746 1753 disci
761 1691 955 1773 hermaphro-

51 1791 128 1869 diti,
160 1791 310 1854 sabulosis
331 1791 405 1851 radii
424 1790 560 1865 feminei,
580 1791 724 1873 lingulati.
747 1791 842 1874 Caiyx
868 1811 952 1856 com·

51 1892 155 1955 munis
176 1903 303 1966 ovatus,
323 1891 502 1974 pubescens,
521 1889 715 1966 imbricutus,
735 1879 864 1974 squamis
878 1911 953 1954 ova·
1012 1973 1019 1979 r

53 1993 150 2070 libus,
172 1995 326 2066 concavis,
347 1990 462 2052 ciiiatis.

92 2093 246 2173 Propriae.
268 2091 355 2153 Odor
375 2090 569 2170 aromaticus,
590 2089 746 2172 praecipue
760 2090 831 2150 duur
844 2088 955 2151 faucau-

53 2209 112 2256 tur
136 2193 236 2274 Sapor
257 2192 441 2264 emerissus,
461 2192 638 2250 aromaticus
659 2203 691 2250 et
712 2187 809 2266 sent,
830 2186 954 2280 perinde

55 2297 83 2352 in
104 2289 183 2352 sicca
206 2309 242 2350 ac
262 2286 416 2362 innocenti
431 2286 547 2370 planta:
569 2285 733 2348 evidentius
753 2285 848 2348 haec'
841 2308 873 2346 ru
893 2285 952 2346 sso-

53 2395 136 2454 ribus
159 2389 446 2452 animadvertuntur.

54 2549 212 2612 Montis.
232 2529 362 2610 Ancora.
381 2549 521 2608 Fructus.

135 2671 245 2730 Morus
265 2670 354 2746 nigra
374 2669 409 2726 L.

94 2792 208 2851 Locus.
230 2784 352 2845 Habitat
370 2784 402 2844 in
416 2781 487 2844 iocis
502 2779 653 2842 maritimis
667 2779 768 2840 ltaliae
782 2791 813 2842 et
828 2767 954 2842 Persius.

55 2891 177 2953 Colitur
197 2890 226 2947 in
248 2885 409 2947 Lusitania.
432 2885 537 2944 Arbor.

94 2992 246 3051 Formae.
267 2987 398 3046 Fructus
417 2996 464 3043 est
483 2983 574 3042 bacca
601 2981 705 3058 oralia,
734 2981 857 3053 obtusa,
887 3001 955 3040 san·

55 3085 342 3200 peiraco-nigricans,
366 3073 553 3154 sirccuieuta,
572 3080 689 3154 lucida,
709 3079 872 3161 composita
886 3079 955 3161 plu·

55 3187 141 3250 rimis
165 3185 230 3247 aliis
257 3182 356 3246 baccis
376 3180 488 3264 exiguis
508 3180 690 3254 imbricatis,
719 3183 748 3240 iu
769 3179 955 3262 receptaculo
1006 3177 1011 3188 '

54 3309 202 3365 carnoso,
222 3284 394 3367 cylindrico.
447 3327 458 3336 .

99 3389 251 3466 Proprias.
275 3386 370 3464 Sapor
390 3378 498 3461 dulcis,
520 3379 651 3442 vinosus.
674 3379 842 3440 Manducati
858 3359 954 3438 extra·

142 3487 272 3547 Patara
294 3486 489 3546 Lustrarunt
857 3496 876 3553 7
