2408 4148
232 287 281 362 92
452 275 459 285 '
598 281 692 340 ‚osas
718 288 740 334 1.

109 451 110 454 ,
232 401 293 460 teris
313 399 426 460 extrahi
457 398 595 462 smaltis
625 399 690 464 aliis
719 397 825 482 plantis
855 397 1078 482 fructibusque,
1110 419 1127 458 s

231 497 320 561 melle
340 500 460 560 deinum
481 521 581 582 apum.

272 591 422 678 Propria.
443 598 529 661 Odor
548 600 654 662 nullus.
677 600 775 682 Sapor
794 598 1001 676 dulcissimus,
1022 602 1129 680 gratis·

232 696 333 760 simus.
354 697 439 760 Adeo
459 696 543 759 facila
563 703 681 781 citoque
701 700 821 760 solvitur
840 697 871 760 in
892 718 987 781 equs,
1017 709 1053 760 ut
1074 719 1132 759 uu·

233 796 279 858 aia
298 796 422 882 frigidae
440 798 594 880 aequalem
615 797 732 880 copiam
752 797 884 860 sarabari
897 797 1003 860 solvet.
1025 797 1069 858 Ee
1082 818 1132 860 so·

232 897 325 977 latia,
345 898 450 960 eoloris
470 921 528 982 ope
559 909 591 960 et
621 898 721 960 addita
753 900 864 961 maiore
894 919 992 981 equae
1021 902 1129 980 copia,

162 983 164 988 ¹
232 997 407 1071 fermentat,
427 998 606 1080 largiturque
627 1012 658 1058 et
679 998 780 1059 vinum
802 1014 833 1060 et
853 997 988 1080 spiritum
1011 995 1070 1058 vini
1097 1009 1132 1058 et

232 1107 359 1158 saetam.
383 1098 413 1156 ln
435 1095 537 1177 spiritu
558 1095 620 1156 sini
634 1095 745 1179 pariter
757 1098 887 1170 solvitur,
903 1095 1062 1179 praecipue
1077 1117 1130 1156 oa·

227 1197 302 1258 loris
323 1195 518 1257 adminiculo:
540 1194 682 1258 miscetur
702 1196 773 1257 oleis
787 1196 1012 1270 essentialibus,
1031 1219 1131 1278 eaque

232 1293 330 1356 reddit
353 1294 383 1356 in
414 1317 491 1376 aqna
518 1294 675 1369 solubilia,
692 1294 826 1376 impedit
856 1297 938 1358 laetis
958 1298 1130 1378 coagulum.

234 1392 384 1455 Funditur
415 1395 452 1455 ad
480 1393 599 1476 ignem,
631 1394 802 1457 accenditur
830 1398 930 1476 prunis
962 1395 1131 1474 iniectum,

236 1505 348 1574 turget,
380 1508 497 1575 spumat
527 1503 562 1554 et'
577 1495 662 1555 ardet
687 1493 807 1554 flamma
838 1494 997 1568 caerulea,
1016 1501 1131 1577 spargit

233 1592 349 1655 fumum
369 1593 469 1654 odoris
489 1593 661 1676 peculiaris,
682 1592 778 1676 grati,
798 1597 952 1676 superstite
973 1595 1115 1656 aerbone.

236 1753 487 1815 SdePENUM.
516 1754 688 1834 Sagapeno.
722 1751 961 1814 Gummi-resina.
989 1755 1130 1834 Ignotum

274 1875 367 1936 genus
388 1853 520 1936 plantae,
542 1873 619 1934 quae
638 1851 788 1934 largiatur.

219 2011 222 2019 ¹
278 1988 385 2055 Larus.
415 1991 539 2054 Habitat
560 1992 590 2054 in
622 1993 722 2078 Persia
750 2005 803 2054 aut
834 1993 1026 2056 Alexandriae
1058 1994 1133 2056 inde

236 2095 339 2156 saltem
361 2091 505 2175 provenit.

277 2197 399 2254 Forma.
425 2191 662 2254 Gummi-resina
692 2191 807 2273 solida,
834 2192 865 2255 in
885 2187 986 2257 frustis
1012 2207 1065 2258 aut
1087 2197 1132 2258 la-

235 2291 334 2354 orirnis
356 2290 479 2371 solutis,
503 2312 675 2352 cerasorum
693 2294 789 2368 mole,
811 2307 865 2353 aut
885 2293 1057 2370 maioribus,
1082 2317 1131 2356 ra·

237 2393 291 2453 bro
305 2391 424 2464 colone,
444 2387 655 2472 subdieplranis
676 2401 706 2450 et
720 2390 842 2464 luridis,
861 2393 1062 2473 homogeneis,
1084 2417 1130 2455 ee·

237 2511 287 2551 me
308 2492 345 2550 ad
365 2487 459 2551 instar
478 2489 622 2550 mollibus.
643 2488 687 2548 En
707 2489 802 2549 lorma
823 2490 986 2571 Sagapeni,
1007 2499 1130 2572 quaein

236 2587 365 2650 nonnis
374 2599 437 2662 est,
458 2598 586 2669 praestet
600 2586 732 2668 vulgari,
752 2587 804 2646 sed
819 2607 885 2646 raro
900 2589 1037 2650 occurrit.
1052 2591 1129 2652 Vui-

237 2710 307 2772 gnre
327 2690 356 2748 in
376 2690 475 2748 massis
496 2683 700 2766 grandioribus
720 2683 840 2745 obvium
856 2699 914 2762 est,
937 2707 1014 2768 quaa
1027 2689 1131 2751 frustis

238 2783 327 2848 seriis
349 2793 505 2854 constant,
522 2783 582 2842 aliis
603 2781 723 2858 albidis,
745 2780 808 2844 aliis
828 2781 934 2861 rubris,
954 2783 1021 2846 aliis
1033 2784 1132 2849 viridi·

236 2885 311 2961 bus,
330 2881 449 2945 festucis
470 2880 614 2962 lignorum
635 2893 665 2942 et
686 2880 846 2944 seminibus
877 2882 1031 2947 immixtiss
1063 2909 1131 2949 mor

237 2985 345 3044 dunrm
366 2995 410 3042 est
429 2994 460 3042 et
477 2978 602 3060 fragile,
618 3001 688 3042 mox
708 2981 796 3041 malle
816 2993 850 3042 ut
869 3003 947 3044 aera.

280 3083 428 3162 Propria.
448 3080 583 3140 Odorem
603 3080 694 3141 babet
707 3079 818 3159 gummi
833 3084 1007 3144 ammoniaci
1020 3095 1051 3146 et
1061 3107 1132 3148 esse

238 3181 365 3244 foetidas
384 3177 609 3250 intermedium,
628 3195 763 3259 soporem
784 3179 987 3256 subamarum,
1007 3203 1129 3266 aorem,

237 3278 451 3368 persistentem.
472 3276 685 3337 Manduanturn
705 3277 842 3340 dentibus
861 3280 1020 3354 adhaeret,
1051 3286 1131 3346 mol·
1197 3287 1198 3318 n

239 3379 319 3454 litur,
337 3373 474 3452 albescit,
493 3375 612 3436 tandem
633 3374 664 3435 in
685 3375 773 3436 salira
793 3376 926 3440 solvitur.
947 3379 1014 3461 lgni
1026 3383 1132 3446 admo-

119 3516 124 3524 ·
161 3487 164 3494 '
238 3491 304 3544 tum
332 3475 418 3542 urile
447 3472 626 3552 accenditur,
651 3473 814 3558 cundegrat
841 3475 962 3542 flamma
993 3491 1024 3544 et
1043 3483 1131 3548 tumn
