2408 4148
233 297 302 370 106
612 325 694 375 rins
721 327 743 374 1.

229 493 432 554 STANNUM.
453 491 598 558 Estonlro.
620 499 773 559 Metallum
795 496 1016 594 imperfectum,

215 616 224 629 x
268 634 378 692 Mons.
400 633 553 693 Invenitur
574 637 712 694 interrae
726 635 941 716 penetralibus,
962 637 1043 696 varia
1065 633 1134 694 lor-

167 719 168 722 *
228 751 298 790 ma:
317 729 479 792 nimirum:
506 753 530 792 1.
553 733 684 818 nativnrn
707 743 760 792 aut
781 732 970 813 virgineum,
990 753 1018 798 a
1037 731 1134 792 calcis

228 831 343 909 forma,
365 830 464 890 variae
484 829 598 910 figurae
621 852 655 889 ac
675 831 825 891 variorum
843 831 999 903 colorum3
1022 831 1050 890 3.
1075 830 1135 890 mi·

227 931 305 988 nima
327 927 411 1010 copia
432 927 535 1009 cupri,
557 949 613 1010 ope
630 927 745 989 snlluris
759 929 791 986 in
804 927 946 988 mineram
961 929 1131 988 redactum.

266 1025 394 1087 Forma.
424 1027 578 1086 Metellum
607 1041 651 1088 est
681 1029 843 1101 blandum,
885 1028 988 1108 paullo
1019 1029 1132 1088 durius

227 1126 505 1208 qnam'plnmbum,
527 1127 646 1200 album,
669 1143 811 1210 argenteo
822 1127 995 1210 splendore,
1010 1127 1134 1202 llcxile3

228 1228 301 1288 dum
321 1226 474 1307 flectitur,
497 1228 635 1308 crepitat.

268 1327 417 1405 Propriet.
440 1327 527 1387 Odor
548 1329 661 1400 nullus,
682 1327 735 1388 sed
745 1329 919 1388 calefactum
934 1343 987 1388 aut
999 1328 1134 1406 lrictum,

228 1427 337 1506 spargit
358 1423 482 1486 odorem
502 1427 698 1506 peculiarem
720 1447 810 1507 snpor
829 1439 874 1487 est
887 1427 1028 1508 ingratus.
1052 1429 1134 1488 Gra·

229 1525 304 1586 vitaa
325 1524 459 1606 specifica
482 1537 528 1586 est
548 1545 565 1603 7
588 1527 626 1584 ad
648 1523 726 1603 7,ti5.
747 1529 773 1587 F
777 1528 821 1586 usi
836 1541 882 1586 est
896 1529 1019 1608 729,rrl.
1039 1530 1132 1588 Brit·

228 1647 290 1685 son.
312 1625 368 1684 Pes
389 1625 508 1684 cubicus
530 1625 630 1705 pendit
650 1625 782 1685 ferc510
797 1628 907 1706 pondo.
923 1626 1002 1688 Satis
1024 1639 1133 1707 asp-‘nm

228 1738 289 1802 est,
311 1727 367 1784 snb
390 1725 497 1784 malleo
520 1724 588 1784 cudi
609 1746 643 1782 oc
664 1723 771 1804 pandi,
794 1724 824 1783 in
846 1725 895 1784 fila
916 1747 1036 1804 quoqne
1058 1725 1131 1784 duci

228 1837 347 1904 potest,
369 1845 495 1904 quornm
511 1844 623 1902 unum,
636 1823 788 1884 'decimam
803 1823 919 1906 pollicis
934 1835 1049 1904 partem
1066 1823 1134 1884 dia·

228 1937 325 1984 metro
346 1943 477 2004 aequans
498 1925 622 1996 snstioet
642 1925 683 2005 49
712 1921 799 1983 librat
828 1945 898 1983 cum
931 1937 999 1984 octo
1034 1923 1131 1983 unciis

229 2028 288 2084 sine
309 2034 441 2105 nuptura.
463 2023 511 2083 Ad
531 2027 632 2082 adrem
661 2025 767 2082 sensim
789 2024 974 2103 splendorem
996 2021 1131 2084 amittit:

182 2107 185 2112 ¹
221 2145 298 2186 raam
318 2127 469 2204 impurum
491 2137 553 2201 est,
574 2121 745 2203 superficies
765 2123 916 2206 obtegitur
932 2135 1027 2184 strata
1042 2124 1131 2183 cine-

229 2244 301 2298 reo,
336 2224 418 2305 quod
444 2222 510 2282 colx
538 2236 584 2282 est
612 2225 727 2302 stanni,
759 2224 906 2305 producta
933 2225 1017 2284 acido
1039 2229 1132 2284 oeteo

229 2338 281 2383 ant
302 2323 458 2404 mephitico
480 2323 716 2403 atmosphoerae.
750 2324 809 2402 lgni
841 2324 921 2382 lento
953 2321 1131 2406 impositum

228 2421 361 2482 funditur
381 2420 458 2481 adeo
479 2420 577 2492 facile,
599 2417 711 2479 ntideo
725 2420 791 2480 lusu
807 2419 980 2480 facillimum
996 2424 1131 2481 omnium

229 2520 376 2580 habeatur
396 2519 596 2580 metallorum.
617 2519 733 2579 Forum
752 2518 784 2578 in
805 2539 875 2588 vase
897 2531 1001 2600 aperto
1012 2564 1023 2592 ,
1050 2540 1130 2601 qnae

229 2625 299 2682 aie're
322 2618 470 2701 tangitur,
501 2616 672 2700 superficies
703 2619 828 2701 pulvere
856 2623 968 2700 tegitur
987 2618 1130 2680 cinerem

229 2721 254 2782 is
275 2721 342 2782 calx
361 2734 422 2792 est,
450 2720 522 2780 cirris
551 2721 651 2780 stanni
683 2717 780 2791 dicta,
820 2740 897 2802 qnae
927 2741 997 2780 cum
1016 2720 1130 2780 diutius

232 2825 329 2900 ignem
350 2837 435 2898 pessa
455 2817 566 2890 luerit,
586 2815 725 2889 albescit,
747 2819 824 2878 clnis
844 2819 943 2880 stanni
963 2818 1053 2876 albos
1074 2837 1131 2878 vo-

230 2933 317 2980 catas
341 2921 363 2980 is
383 2919 520 2992 demum,
553 2939 611 3000 ope
633 2918 706 2999 ignis
728 2916 934 2980 violentissimi
954 2917 1078 2980 vertitur
1100 2919 1131 2978 in

232 3021 360 3092 vitrum,
381 3019 477 3078 rabini
499 3027 550 3076 aut
570 3014 725 3097 hyacinthi
744 3017 976 3098 specie.Fnsum
999 3015 1131 3096 deniqne

232 3131 369 3176 stannum
392 3114 459 3196 igne
480 3114 568 3186 forti,
589 3133 650 3194 qno
664 3113 786 3192 candet,
808 3114 893 3174 ardet
906 3113 1027 3174 flamma
1043 3115 1131 3186 alba,

233 3218 302 3276 ratis
322 3215 418 3289 clara,
454 3213 595 3294 fumoque
618 3213 736 3292 avolat,
767 3216 817 3295 qni
846 3214 991 3274 collectus
1016 3214 1132 3276 calcem

233 3314 308 3378 sistit
339 3314 486 3387 albidaoa,
520 3317 549 3374 in
580 3316 715 3385 acubus,
748 3314 867 3376 nomine
881 3316 997 3395 florum
1018 3321 1131 3376 simiai.

233 3421 317 3496 Aqua
339 3435 412 3496 pura
433 3415 514 3474 hand
535 3425 692 3493 mutatur,
722 3415 772 3475 sed
800 3416 896 3497 perdit
922 3415 1131 3496 splendorem:

233 3511 399 3573 communis
419 3533 518 3594 aqna,
539 3514 614 3572 sales
635 3515 812 3586 continens,
836 3514 866 3574 id
887 3514 1008 3574 arrodit.
1040 3513 1133 3576 Arida
