2418 4146
247 339 314 386 120
622 335 704 384 runs
731 335 752 382 1.

134 465 135 468 ’
240 449 381 532 cipitator
402 469 458 531 ope
481 445 615 509 alcalium
638 440 787 522 fixorum,
807 437 902 508 sorum
924 443 1055 527 pulveris
1070 465 1143 508 coe·

241 549 328 627 rulei,
349 547 417 631 qui,
439 558 597 630 postquam
620 548 773 620 decuerit,
795 547 894 608 viridis
916 545 966 620 flu
988 543 1144 628 opealcali

242 646 370 709 volatilis
402 647 500 730 pulvis
517 643 679 710 'exalbidis
715 645 978 708 subcoerulescem
1014 643 1144 706 fundum

241 746 336 830 petit,
368 746 418 829 qui
452 745 613 808 siccescens
648 749 778 817 colorem
812 748 938 808 obscure
969 745 1146 807 coeruleum

241 847 377 930 acquirit.

242 1008 473 1071 VlTRlOLUM
495 1007 644 1070 VlRlDE.
670 1009 804 1071 Wtrr‘olo
824 1006 864 1070 de
878 969 967 1086 tirro
980 1028 1003 1068 s.
1023 1003 1147 1088 Capar-

281 1130 355 1172 rosa
375 1111 473 1172 verde.
495 1109 546 1170 Sal
566 1121 673 1170 neuter
693 1110 869 1174 metallicus.

144 1203 148 1210 “
228 1303 233 1314 .
326 1230 490 1292 torrorem
514 1232 625 1292 Marta
646 1232 681 1291 r..

322 1331 455 1392 Ferrum
477 1332 666 1392 vitriolatum
687 1330 845 1411 Bergmau.

270 1440 391 1510 locus.
412 1449 568 1511 invenitur
587 1454 616 1510 in
631 1451 848 1512 metallifodiuis
862 1464 893 1512 et
907 1449 1066 1533 superficie
1082 1463 1146 1512 ter·

242 1571 308 1631 rae,
332 1551 417 1612 variis
437 1549 556 1611 formis:
578 1571 708 1632 nempe,
729 1550 887 1634 crystallis,
901 1549 1068 1622 stalactite,
1086 1549 1147 1612 filis

242 1652 378 1726 sericeis,
399 1649 575 1732 fragilibus3
595 1652 733 1732 pulveres
765 1654 866 1712 massis
892 1649 1087 1712 subrutuurlis
1116 1661 1148 1712 et

241 1748 372 1810 solutum
393 1748 424 1809 in
446 1733 530 1832 aouis
553 1750 741 1811 martialibus.

285 1851 407 1910 Forma.
430 1847 590 1910 Vitriolum
606 1847 698 1909 viride
719 1863 763 1909 est
778 1850 818 1908 sal
836 1863 942 1930 neuter
954 1849 1145 1925 metallicus,

240 1969 257 2008 e
278 1951 427 2010 connubio
448 1948 523 2008 acidi
546 1947 685 2008 vissiolici
706 1971 775 2010 cum
797 1949 874 2011 terro
895 1965 1005 2028 natus,
1032 1951 1146 2012 obvius

241 2049 271 2108 in
292 2047 438 2130 crystallis
455 2062 512 2108 aut
526 2046 715 2130 prismatibus
729 2033 949 2124 rbomboideis‚
969 2050 1146 2134 pellucidis,

245 2146 450 2232 smaragdinis.

283 2247 435 2328 Propriet.
458 2245 556 2330 Sapor
581 2248 746 2308 admodum
774 2247 931 2334 stypticus.
965 2250 1011 2311 ad
1044 2257 1148 2312 adrem

240 2342 403 2428 paullulum
418 2344 549 2407 flavescit
560 2344 771 2428 ferrugineque
785 2345 946 2429 obtegitur.
973 2347 1045 2428 lgna
1067 2350 1149 2412 leuto

242 2457 295 2506 aut
323 2444 362 2504 ad
383 2445 476 2505 solem
497 2443 652 2506 fatiscitis
676 2445 829 2527 pulverem
844 2445 1007 2518 fluvidum,
1028 2445 1148 2528 quide·

241 2565 323 2605 mum
338 2543 469 2607 albescit.
490 2543 550 2606 Sed
564 2545 602 2605 ad
616 2544 766 2606 fortiorem
781 2551 878 2626 ignem
894 2545 989 2627 perdit
1004 2547 1147 2622 acidum,

204 2701 208 2704 .
242 2645 427 2726 rubrumque
458 2643 631 2726 adipiscitur
660 2643 802 2705 colorem.
826 2646 858 2704 ln
880 2643 973 2727 dupla
1001 2647 1146 2728 portione

239 2742 360 2826 frigidae
381 2765 477 2828 aquae
491 2745 630 2808 solvitur:
652 2764 741 2826 equa
756 2743 905 2807 solutione
924 2745 1037 2806 fernim
1052 2768 1145 2830 prae·

241 2843 384 2930 cipitatur
403 2865 462 2929 ope
483 2843 619 2907 alcalium
641 2843 787 2926 fixorum,
815 2846 911 2908 formu
938 2845 1072 2929 pulveris
1099 2849 1145 2909 sl·

241 2940 307 3004 bidi
327 2941 551 3016 viridescentis3
580 2963 637 3025 ope
659 2941 742 3004 sicali
772 2943 898 3006 volatilis
925 2947 954 3005 iu
986 2945 1146 3028 pulverem

243 3045 525 3118 cinereo-viridem
546 3066 579 3104 ac
600 3065 657 3126 ope
677 3044 909 3109 substantiarum
930 3048 1146 3130 vegetabilium

241 3147 436 3230 stypticamm
457 3139 490 3204 iu
511 3141 666 3224 pulverem
688 3142 815 3226 nigrum.

244 3305 407 3366 ZlNCUM.
429 3303 535 3365 Ztnco.
558 3304 805 3368 Semimetallum.

325 3427 456 3487 Zincum
478 3423 716 3484 ruineralr'satum
738 3426 773 3485 L.

285 3543 397 3606 meus.
418 3545 569 3606 luvenitur
601 3543 686 3607 variis
707 3543 829 3626 formis,
860 3543 1001 3630 variaque
1022 3544 1145 3632 indole,
