<?xml version="1.0" encoding="UTF-8"?>
<!DOCTYPE html PUBLIC "-//W3C//DTD XHTML 1.0 Transitional//EN"
    "http://www.w3.org/TR/xhtml1/DTD/xhtml1-transitional.dtd">
<html xmlns="http://www.w3.org/1999/xhtml" xml:lang="en" lang="en">
 <head>
  <title>
</title>
<meta http-equiv="Content-Type" content="text/html;charset=utf-8" />
  <meta name='ocr-system' content='tesseract 3.04.00' />
  <meta name='ocr-capabilities' content='ocr_page ocr_carea ocr_par ocr_line ocrx_word'/>
</head>
<body>
  <div class='ocr_page' id='page_1' title='image "./pharmacopoealus00unkngoog_0037.png"; bbox 0 0 2408 4148; ppageno 0'>
   <div class='ocr_carea' id='block_1_1' title="bbox 265 267 774 392">
    <p class='ocr_par' dir='ltr' id='par_1_1' title="bbox 265 267 774 392">
     <span class='ocr_line' id='line_1_1' title="bbox 265 267 774 392; baseline -0.012 -20"><span class='ocrx_word' id='word_1_1' title='bbox 265 299 312 392; x_wconf 73' lang='grc'><strong>34</strong></span> <span class='ocrx_word' id='word_1_2' title='bbox 363 267 370 275; x_wconf 93' lang='lat'><strong>.</strong></span> <span class='ocrx_word' id='word_1_3' title='bbox 645 319 727 370; x_wconf 75' lang='lat' dir='ltr'><strong>rias</strong></span> <span class='ocrx_word' id='word_1_4' title='bbox 753 321 774 366; x_wconf 87' lang='lat' dir='ltr'><strong>r.</strong></span> 
     </span>
    </p>
   </div>
   <div class='ocr_carea' id='block_1_2' title="bbox 230 426 1169 717">
    <p class='ocr_par' dir='ltr' id='par_1_2' title="bbox 230 426 1169 717">
     <span class='ocr_line' id='line_1_2' title="bbox 261 426 1168 516; baseline -0.014 -19"><span class='ocrx_word' id='word_1_5' title='bbox 261 440 322 498; x_wconf 90' lang='lat' dir='ltr'><strong>Nec</strong></span> <span class='ocrx_word' id='word_1_6' title='bbox 342 434 373 495; x_wconf 89' lang='lat' dir='ltr'><strong>in</strong></span> <span class='ocrx_word' id='word_1_7' title='bbox 395 455 471 515; x_wconf 87' lang='lat' dir='ltr'><strong>aqua</strong></span> <span class='ocrx_word' id='word_1_8' title='bbox 493 433 597 495; x_wconf 87' lang='lat' dir='ltr'><strong>necin</strong></span> <span class='ocrx_word' id='word_1_9' title='bbox 620 431 724 516; x_wconf 88' lang='lat' dir='ltr'><strong>spin&#39;tu</strong></span> <span class='ocrx_word' id='word_1_10' title='bbox 744 431 802 492; x_wconf 88' lang='lat' dir='ltr'><strong>vini</strong></span> <span class='ocrx_word' id='word_1_11' title='bbox 825 432 967 503; x_wconf 77' lang='lat' dir='ltr'><strong>solvitur3</strong></span> <span class='ocrx_word' id='word_1_12' title='bbox 996 427 1048 489; x_wconf 85' lang='lat' dir='ltr'><strong>sed</strong></span> <span class='ocrx_word' id='word_1_13' title='bbox 1070 426 1168 488; x_wconf 81' lang='lat' dir='ltr'><strong>solvi-</strong></span> 
     </span>
     <span class='ocr_line' id='line_1_3' title="bbox 230 527 1169 614; baseline -0.013 -18"><span class='ocrx_word' id='word_1_14' title='bbox 230 600 231 613; x_wconf 20' lang='lat'>¹</span> <span class='ocrx_word' id='word_1_15' title='bbox 260 551 312 596; x_wconf 79' lang='lat' dir='ltr'><strong>tur</strong></span> <span class='ocrx_word' id='word_1_16' title='bbox 332 538 360 594; x_wconf 90' lang='lat' dir='ltr'><strong>in</strong></span> <span class='ocrx_word' id='word_1_17' title='bbox 381 530 528 606; x_wconf 72' lang='lat' dir='ltr'><strong>tricafinis,</strong></span> <span class='ocrx_word' id='word_1_18' title='bbox 560 553 628 592; x_wconf 89' lang='lat' dir='ltr'><strong>eum</strong></span> <span class='ocrx_word' id='word_1_19' title='bbox 650 532 757 614; x_wconf 90' lang='lat' dir='ltr'><strong>quibus</strong></span> <span class='ocrx_word' id='word_1_20' title='bbox 780 531 922 591; x_wconf 84' lang='lat' dir='ltr'><strong>hactenus</strong></span> <span class='ocrx_word' id='word_1_21' title='bbox 943 527 1097 610; x_wconf 82' lang='lat' dir='ltr'><strong>iungitur,</strong></span> <span class='ocrx_word' id='word_1_22' title='bbox 1132 537 1169 585; x_wconf 88' lang='lat' dir='ltr'><strong>ut</strong></span> 
     </span>
     <span class='ocr_line' id='line_1_4' title="bbox 260 631 985 717; baseline -0.007 -22"><span class='ocrx_word' id='word_1_23' title='bbox 260 635 292 696; x_wconf 91' lang='lat' dir='ltr'><strong>in</strong></span> <span class='ocrx_word' id='word_1_24' title='bbox 313 657 389 716; x_wconf 89' lang='lat' dir='ltr'><strong>aqua</strong></span> <span class='ocrx_word' id='word_1_25' title='bbox 406 635 550 717; x_wconf 77' lang='lat' dir='ltr'><strong>solvatur.</strong></span> <span class='ocrx_word' id='word_1_26' title='bbox 573 633 689 694; x_wconf 77' lang='lat' dir='ltr'><strong>Pariter</strong></span> <span class='ocrx_word' id='word_1_27' title='bbox 710 635 738 693; x_wconf 89' lang='lat' dir='ltr'><strong>in</strong></span> <span class='ocrx_word' id='word_1_28' title='bbox 760 633 832 692; x_wconf 86' lang='lat' dir='ltr'><strong>oleis</strong></span> <span class='ocrx_word' id='word_1_29' title='bbox 853 631 985 691; x_wconf 85' lang='lat' dir='ltr'><strong>solvitur.</strong></span> 
     </span>
    </p>
   </div>
   <div class='ocr_carea' id='block_1_3' title="bbox 229 753 872 990">
    <p class='ocr_par' dir='ltr' id='par_1_3' title="bbox 229 753 872 990">
     <span class='ocr_line' id='line_1_5' title="bbox 229 753 872 880; baseline -0.008 -26"><span class='ocrx_word' id='word_1_30' title='bbox 229 877 233 880; x_wconf 24' lang='lat'><strong><em>‚</em></strong></span> <span class='ocrx_word' id='word_1_31' title='bbox 262 793 537 858; x_wconf 75' lang='lat' dir='ltr'><strong>uenerationi.</strong></span> <span class='ocrx_word' id='word_1_32' title='bbox 562 791 723 872; x_wconf 58' lang='lat' dir='ltr'><strong>censano.</strong></span> <span class='ocrx_word' id='word_1_33' title='bbox 744 753 872 851; x_wconf 61' lang='lat' dir='ltr'><strong>nei-na·</strong></span> 
     </span>
     <span class='ocr_line' id='line_1_6' title="bbox 341 913 748 990; baseline -0.005 -16"><span class='ocrx_word' id='word_1_34' title='bbox 341 915 483 974; x_wconf 73' lang='lat' dir='ltr'><strong>scandix</strong></span> <span class='ocrx_word' id='word_1_35' title='bbox 506 913 691 990; x_wconf 78' lang='lat' dir='ltr'><strong>Cerefolium</strong></span> <span class='ocrx_word' id='word_1_36' title='bbox 713 913 748 973; x_wconf 85' lang='lat' dir='ltr'><strong>L.</strong></span> 
     </span>
    </p>
   </div>
   <div class='ocr_carea' id='block_1_4' title="bbox 185 1026 1165 2406">
    <p class='ocr_par' dir='ltr' id='par_1_4' title="bbox 250 1026 1165 1194">
     <span class='ocr_line' id='line_1_7' title="bbox 250 1026 1165 1112; baseline -0.008 -18"><span class='ocrx_word' id='word_1_37' title='bbox 250 1089 253 1094; x_wconf 88' lang='lat'><strong>.</strong></span> <span class='ocrx_word' id='word_1_38' title='bbox 303 1033 410 1098; x_wconf 78' lang='lat' dir='ltr'><strong>Locris.</strong></span> <span class='ocrx_word' id='word_1_39' title='bbox 433 1031 555 1094; x_wconf 78' lang='lat' dir='ltr'>Habitat</span> <span class='ocrx_word' id='word_1_40' title='bbox 575 1029 605 1090; x_wconf 88' lang='lat' dir='ltr'><strong>io</strong></span> <span class='ocrx_word' id='word_1_41' title='bbox 627 1033 740 1111; x_wconf 80' lang='lat' dir='ltr'><strong>caurpis</strong></span> <span class='ocrx_word' id='word_1_42' title='bbox 760 1029 898 1112; x_wconf 86' lang='lat' dir='ltr'><strong>Europae</strong></span> <span class='ocrx_word' id='word_1_43' title='bbox 920 1026 1065 1090; x_wconf 83' lang='lat' dir='ltr'><strong>australis.</strong></span> <span class='ocrx_word' id='word_1_44' title='bbox 1100 1027 1165 1088; x_wconf 91' lang='lat' dir='ltr'><strong>Ca·</strong></span> 
     </span>
     <span class='ocr_line' id='line_1_8' title="bbox 261 1128 936 1194; baseline -0.003 -2"><span class='ocrx_word' id='word_1_45' title='bbox 261 1133 331 1192; x_wconf 76' lang='lat' dir='ltr'><strong>bitur</strong></span> <span class='ocrx_word' id='word_1_46' title='bbox 349 1131 381 1194; x_wconf 88' lang='lat' dir='ltr'><strong>in</strong></span> <span class='ocrx_word' id='word_1_47' title='bbox 402 1132 562 1192; x_wconf 83' lang='lat' dir='ltr'><strong>Lusitania.</strong></span> <span class='ocrx_word' id='word_1_48' title='bbox 583 1131 687 1191; x_wconf 79' lang='lat' dir='ltr'><strong>Floret</strong></span> <span class='ocrx_word' id='word_1_49' title='bbox 707 1128 797 1190; x_wconf 84' lang='lat' dir='ltr'><strong>Maio.</strong></span> <span class='ocrx_word' id='word_1_50' title='bbox 822 1135 936 1190; x_wconf 85' lang='lat' dir='ltr'><strong>Annua.</strong></span> 
     </span>
    </p>

    <p class='ocr_par' dir='ltr' id='par_1_5' title="bbox 185 1227 1164 2090">
     <span class='ocr_line' id='line_1_9' title="bbox 249 1227 1164 1316; baseline -0.002 -25"><span class='ocrx_word' id='word_1_51' title='bbox 249 1290 253 1298; x_wconf 83' lang='grc'><em>,</em></span> <span class='ocrx_word' id='word_1_52' title='bbox 300 1233 429 1292; x_wconf 83' lang='lat' dir='ltr'><strong>Forma.</strong></span> <span class='ocrx_word' id='word_1_53' title='bbox 462 1229 562 1290; x_wconf 84' lang='lat' dir='ltr'><strong>Cauiis</strong></span> <span class='ocrx_word' id='word_1_54' title='bbox 591 1241 637 1290; x_wconf 88' lang='lat' dir='ltr'><strong>est</strong></span> <span class='ocrx_word' id='word_1_55' title='bbox 667 1229 896 1316; x_wconf 76' lang='lat' dir='ltr'><strong>teretiusculus,</strong></span> <span class='ocrx_word' id='word_1_56' title='bbox 926 1227 1164 1308; x_wconf 80' lang='lat' dir='ltr'><strong>subaaguiatua,</strong></span> 
     </span>
     <span class='ocr_line' id='line_1_10' title="bbox 262 1326 1163 1412; baseline -0.002 -22"><span class='ocrx_word' id='word_1_57' title='bbox 262 1331 400 1403; x_wconf 79' lang='lat' dir='ltr'><strong>striatas,</strong></span> <span class='ocrx_word' id='word_1_58' title='bbox 429 1329 548 1409; x_wconf 74' lang='lat' dir='ltr'><strong>glaber,</strong></span> <span class='ocrx_word' id='word_1_59' title='bbox 586 1329 735 1412; x_wconf 69' lang='lat' dir='ltr'><strong>nodosus,</strong></span> <span class='ocrx_word' id='word_1_60' title='bbox 768 1327 979 1388; x_wconf 85' lang='lat' dir='ltr'><strong>viridiuscuius.</strong></span> <span class='ocrx_word' id='word_1_61' title='bbox 1005 1326 1112 1399; x_wconf 82' lang='lat' dir='ltr'><strong>Remi,</strong></span> <span class='ocrx_word' id='word_1_62' title='bbox 1145 1349 1163 1388; x_wconf 90' lang='lat' dir='ltr'><strong>e</strong></span> 
     </span>
     <span class='ocr_line' id='line_1_11' title="bbox 185 1417 1164 1510; baseline -0.001 -22"><span class='ocrx_word' id='word_1_63' title='bbox 185 1417 189 1424; x_wconf 51' lang='grc'>’</span> <span class='ocrx_word' id='word_1_64' title='bbox 263 1430 349 1499; x_wconf 76' lang='lat' dir='ltr'><strong>nodis</strong></span> <span class='ocrx_word' id='word_1_65' title='bbox 363 1430 561 1510; x_wconf 79' lang='lat' dir='ltr'><strong>prodeuntes,</strong></span> <span class='ocrx_word' id='word_1_66' title='bbox 582 1425 704 1489; x_wconf 85' lang='lat' dir='ltr'><strong>solitarii</strong></span> <span class='ocrx_word' id='word_1_67' title='bbox 710 1471 720 1502; x_wconf 75' lang='grc'><em>,</em></span> <span class='ocrx_word' id='word_1_68' title='bbox 742 1426 855 1500; x_wconf 80' lang='lat' dir='ltr'><strong>alterni,</strong></span> <span class='ocrx_word' id='word_1_69' title='bbox 869 1426 945 1488; x_wconf 85' lang='lat' dir='ltr'><strong>cauli</strong></span> <span class='ocrx_word' id='word_1_70' title='bbox 959 1425 1080 1488; x_wconf 86' lang='lat' dir='ltr'><strong>similes.</strong></span> <span class='ocrx_word' id='word_1_71' title='bbox 1095 1427 1164 1488; x_wconf 84' lang='lat' dir='ltr'><strong>Fo-</strong></span> 
     </span>
     <span class='ocr_line' id='line_1_12' title="bbox 261 1527 1162 1610; baseline -0.002 -20"><span class='ocrx_word' id='word_1_72' title='bbox 261 1529 319 1609; x_wconf 86' lang='lat' dir='ltr'><strong>lia,</strong></span> <span class='ocrx_word' id='word_1_73' title='bbox 340 1529 453 1610; x_wconf 87' lang='lat' dir='ltr'><strong>pariter</strong></span> <span class='ocrx_word' id='word_1_74' title='bbox 472 1551 490 1589; x_wconf 87' lang='lat' dir='ltr'><strong>e</strong></span> <span class='ocrx_word' id='word_1_75' title='bbox 511 1529 595 1590; x_wconf 83' lang='lat' dir='ltr'><strong>nodis</strong></span> <span class='ocrx_word' id='word_1_76' title='bbox 615 1530 784 1601; x_wconf 82' lang='lat' dir='ltr'><strong>nascentia,</strong></span> <span class='ocrx_word' id='word_1_77' title='bbox 815 1538 884 1588; x_wconf 86' lang='lat' dir='ltr'><strong>sunt</strong></span> <span class='ocrx_word' id='word_1_78' title='bbox 904 1527 1036 1604; x_wconf 85' lang='lat' dir='ltr'><strong>alterna,</strong></span> <span class='ocrx_word' id='word_1_79' title='bbox 1057 1527 1162 1608; x_wconf 83' lang='lat' dir='ltr'><strong>petio·</strong></span> 
     </span>
     <span class='ocr_line' id='line_1_13' title="bbox 262 1625 1162 1710; baseline -0.002 -20"><span class='ocrx_word' id='word_1_80' title='bbox 262 1631 341 1705; x_wconf 77' lang='lat' dir='ltr'><strong>iata,</strong></span> <span class='ocrx_word' id='word_1_81' title='bbox 363 1628 495 1710; x_wconf 84' lang='lat' dir='ltr'><strong>undique</strong></span> <span class='ocrx_word' id='word_1_82' title='bbox 516 1628 638 1710; x_wconf 82' lang='lat' dir='ltr'><strong>glabra,</strong></span> <span class='ocrx_word' id='word_1_83' title='bbox 661 1638 784 1698; x_wconf 86' lang='lat' dir='ltr'><strong>tenera,</strong></span> <span class='ocrx_word' id='word_1_84' title='bbox 805 1637 888 1708; x_wconf 88' lang='lat' dir='ltr'><strong>grate</strong></span> <span class='ocrx_word' id='word_1_85' title='bbox 911 1626 1031 1704; x_wconf 87' lang='lat' dir='ltr'><strong>viridia,</strong></span> <span class='ocrx_word' id='word_1_86' title='bbox 1057 1625 1162 1708; x_wconf 85' lang='lat' dir='ltr'><strong>bipin-</strong></span> 
     </span>
     <span class='ocr_line' id='line_1_14' title="bbox 262 1724 1162 1810; baseline 0 -22"><span class='ocrx_word' id='word_1_87' title='bbox 262 1740 343 1805; x_wconf 87' lang='lat' dir='ltr'><strong>nata,</strong></span> <span class='ocrx_word' id='word_1_88' title='bbox 359 1729 487 1810; x_wconf 85' lang='lat' dir='ltr'><strong>pinnulis</strong></span> <span class='ocrx_word' id='word_1_89' title='bbox 497 1726 657 1808; x_wconf 79' lang='lat' dir='ltr'><strong>elongatis,</strong></span> <span class='ocrx_word' id='word_1_90' title='bbox 672 1727 778 1788; x_wconf 73' lang='lat' dir='ltr'><strong>sonoris</strong></span> <span class='ocrx_word' id='word_1_91' title='bbox 793 1726 907 1798; x_wconf 81' lang='lat' dir='ltr'><strong>oratis,</strong></span> <span class='ocrx_word' id='word_1_92' title='bbox 923 1729 1032 1797; x_wconf 82' lang='lat' dir='ltr'><strong>acutis,</strong></span> <span class='ocrx_word' id='word_1_93' title='bbox 1045 1724 1162 1798; x_wconf 77' lang='lat' dir='ltr'><strong>incisis,</strong></span> 
     </span>
     <span class='ocr_line' id='line_1_15' title="bbox 262 1824 1163 1910; baseline -0.003 -21"><span class='ocrx_word' id='word_1_94' title='bbox 262 1828 395 1910; x_wconf 79' lang='lat' dir='ltr'><strong>margine</strong></span> <span class='ocrx_word' id='word_1_95' title='bbox 418 1831 573 1888; x_wconf 83' lang='lat' dir='ltr'><strong>tenerrime</strong></span> <span class='ocrx_word' id='word_1_96' title='bbox 593 1825 718 1904; x_wconf 78' lang='lat' dir='ltr'><strong>cibatis,</strong></span> <span class='ocrx_word' id='word_1_97' title='bbox 752 1829 848 1887; x_wconf 81' lang='lat' dir='ltr'><strong>nervis</strong></span> <span class='ocrx_word' id='word_1_98' title='bbox 873 1829 1009 1907; x_wconf 85' lang='lat' dir='ltr'><strong>utrinque</strong></span> <span class='ocrx_word' id='word_1_99' title='bbox 1030 1824 1163 1886; x_wconf 85' lang='lat' dir='ltr'><strong>molliter</strong></span> 
     </span>
     <span class='ocr_line' id='line_1_16' title="bbox 263 1923 1161 2012; baseline -0.001 -24"><span class='ocrx_word' id='word_1_100' title='bbox 263 1929 511 2012; x_wconf 79' lang='lat' dir='ltr'><strong>pubescentibus,</strong></span> <span class='ocrx_word' id='word_1_101' title='bbox 532 1926 649 2012; x_wconf 81' lang='lat' dir='ltr'><strong>petiolis</strong></span> <span class='ocrx_word' id='word_1_102' title='bbox 669 1927 931 2010; x_wconf 82' lang='lat' dir='ltr'><strong>convexo-plenis,</strong></span> <span class='ocrx_word' id='word_1_103' title='bbox 965 1923 1085 1987; x_wconf 83' lang='lat' dir='ltr'><strong>sulcatis</strong></span> <span class='ocrx_word' id='word_1_104' title='bbox 1107 1939 1161 1987; x_wconf 88' lang='lat' dir='ltr'><strong>aut</strong></span> 
     </span>
     <span class='ocr_line' id='line_1_17' title="bbox 264 2029 381 2090; baseline -0.009 0"><span class='ocrx_word' id='word_1_105' title='bbox 264 2029 381 2090; x_wconf 66' lang='lat' dir='ltr'><strong>striatis.</strong></span> 
     </span>
    </p>

    <p class='ocr_par' dir='ltr' id='par_1_6' title="bbox 241 2126 1161 2406">
     <span class='ocr_line' id='line_1_18' title="bbox 241 2126 1161 2208; baseline -0.002 -20"><span class='ocrx_word' id='word_1_106' title='bbox 241 2151 247 2164; x_wconf 87' lang='lat'><strong>·</strong></span> <span class='ocrx_word' id='word_1_107' title='bbox 304 2129 455 2208; x_wconf 73' lang='lat' dir='ltr'><strong>Propi-iet.</strong></span> <span class='ocrx_word' id='word_1_108' title='bbox 478 2128 564 2190; x_wconf 84' lang='lat' dir='ltr'><strong>Odor</strong></span> <span class='ocrx_word' id='word_1_109' title='bbox 584 2127 705 2208; x_wconf 75' lang='lat' dir='ltr'><strong>plantae</strong></span> <span class='ocrx_word' id='word_1_110' title='bbox 721 2126 850 2188; x_wconf 83' lang='lat' dir='ltr'><strong>recentis</strong></span> <span class='ocrx_word' id='word_1_111' title='bbox 872 2140 987 2207; x_wconf 82' lang='lat' dir='ltr'><strong>gratus,</strong></span> <span class='ocrx_word' id='word_1_112' title='bbox 1019 2129 1161 2186; x_wconf 86' lang='lat' dir='ltr'><strong>aromati·</strong></span> 
     </span>
     <span class='ocr_line' id='line_1_19' title="bbox 263 2223 1159 2308; baseline 0 -22"><span class='ocrx_word' id='word_1_113' title='bbox 263 2247 335 2300; x_wconf 83' lang='lat' dir='ltr'><strong>cus,</strong></span> <span class='ocrx_word' id='word_1_114' title='bbox 364 2229 434 2288; x_wconf 86' lang='lat' dir='ltr'><strong>dum</strong></span> <span class='ocrx_word' id='word_1_115' title='bbox 456 2225 600 2288; x_wconf 72' lang='lat' dir='ltr'><strong>sricatars</strong></span> <span class='ocrx_word' id='word_1_116' title='bbox 629 2225 653 2286; x_wconf 86' lang='lat' dir='ltr'><strong>is</strong></span> <span class='ocrx_word' id='word_1_117' title='bbox 683 2225 831 2308; x_wconf 85' lang='lat' dir='ltr'><strong>perditum</strong></span> <span class='ocrx_word' id='word_1_118' title='bbox 854 2229 894 2298; x_wconf 82' lang='lat' dir='ltr'><strong>it,</strong></span> <span class='ocrx_word' id='word_1_119' title='bbox 923 2245 992 2286; x_wconf 85' lang='lat' dir='ltr'><strong>eum</strong></span> <span class='ocrx_word' id='word_1_120' title='bbox 1022 2223 1159 2286; x_wconf 84' lang='lat' dir='ltr'><strong>siccatur.</strong></span> 
     </span>
     <span class='ocr_line' id='line_1_20' title="bbox 263 2325 1159 2406; baseline -0.002 -20"><span class='ocrx_word' id='word_1_121' title='bbox 263 2327 361 2406; x_wconf 83' lang='lat' dir='ltr'><strong>Sapor</strong></span> <span class='ocrx_word' id='word_1_122' title='bbox 380 2328 576 2401; x_wconf 78' lang='lat' dir='ltr'><strong>aromaticus,</strong></span> <span class='ocrx_word' id='word_1_123' title='bbox 598 2328 713 2384; x_wconf 84' lang='lat' dir='ltr'><strong>anisum</strong></span> <span class='ocrx_word' id='word_1_124' title='bbox 735 2344 897 2406; x_wconf 79' lang='lat' dir='ltr'><strong>parumper</strong></span> <span class='ocrx_word' id='word_1_125' title='bbox 917 2325 1075 2403; x_wconf 71' lang='lat' dir='ltr'><strong>redoleas,</strong></span> <span class='ocrx_word' id='word_1_126' title='bbox 1096 2345 1159 2406; x_wconf 81' lang='lat' dir='ltr'><strong>gra·</strong></span> 
     </span>
    </p>
   </div>
   <div class='ocr_carea' id='block_1_5' title="bbox 139 2422 733 2502">
    <p class='ocr_par' dir='ltr' id='par_1_7' title="bbox 139 2422 733 2502">
     <span class='ocr_line' id='line_1_21' title="bbox 139 2422 733 2502; baseline 0.013 -24"><span class='ocrx_word' id='word_1_127' title='bbox 139 2475 142 2478; x_wconf 87' lang='lat'><strong>.</strong></span> <span class='ocrx_word' id='word_1_128' title='bbox 263 2441 330 2502; x_wconf 84' lang='lat' dir='ltr'><strong>tus,</strong></span> <span class='ocrx_word' id='word_1_129' title='bbox 353 2423 446 2486; x_wconf 86' lang='lat' dir='ltr'><strong>siccae</strong></span> <span class='ocrx_word' id='word_1_130' title='bbox 468 2425 576 2486; x_wconf 88' lang='lat' dir='ltr'><strong>herbae</strong></span> <span class='ocrx_word' id='word_1_131' title='bbox 597 2422 733 2486; x_wconf 84' lang='lat' dir='ltr'><strong>debilior.</strong></span> 
     </span>
    </p>
   </div>
   <div class='ocr_carea' id='block_1_6' title="bbox 252 2567 893 2644">
    <p class='ocr_par' dir='ltr' id='par_1_8' title="bbox 252 2567 893 2644">
     <span class='ocr_line' id='line_1_22' title="bbox 252 2567 893 2644; baseline 0 0"><span class='ocrx_word' id='word_1_132' title='bbox 252 2567 548 2644; x_wconf 77' lang='lat' dir='ltr'><strong>&#39;cnrntannrs</strong></span> <span class='ocrx_word' id='word_1_133' title='bbox 573 2583 761 2644; x_wconf 63' lang='lat' dir='ltr'><strong>Camenas.</strong></span> <span class='ocrx_word' id='word_1_134' title='bbox 783 2583 893 2644; x_wconf 65' lang='lat' dir='ltr'><strong>nerra.</strong></span> 
     </span>
    </p>
   </div>
   <div class='ocr_carea' id='block_1_7' title="bbox 346 2691 795 2780">
    <p class='ocr_par' dir='ltr' id='par_1_9' title="bbox 346 2691 795 2780">
     <span class='ocr_line' id='line_1_23' title="bbox 346 2691 795 2780; baseline -0.004 -18"><span class='ocrx_word' id='word_1_135' title='bbox 346 2691 508 2762; x_wconf 77' lang='lat' dir='ltr'><strong>Teucriam</strong></span> <span class='ocrx_word' id='word_1_136' title='bbox 530 2699 740 2780; x_wconf 68' lang='lat' dir='ltr'><strong>Cbarnardrys</strong></span> <span class='ocrx_word' id='word_1_137' title='bbox 760 2702 795 2760; x_wconf 93' lang='lat'><strong>1..</strong></span> 
     </span>
    </p>
   </div>
   <div class='ocr_carea' id='block_1_8' title="bbox 262 2815 1159 3400">
    <p class='ocr_par' dir='ltr' id='par_1_10' title="bbox 263 2815 1159 2996">
     <span class='ocr_line' id='line_1_24' title="bbox 268 2815 1159 2903; baseline 0.004 -26"><span class='ocrx_word' id='word_1_138' title='bbox 268 2853 276 2877; x_wconf 80' lang='lat'><strong>.·</strong></span> <span class='ocrx_word' id='word_1_139' title='bbox 304 2820 413 2879; x_wconf 63' lang='lat' dir='ltr'><strong>Meas.</strong></span> <span class='ocrx_word' id='word_1_140' title='bbox 435 2817 559 2878; x_wconf 82' lang='lat' dir='ltr'><strong>Habitat</strong></span> <span class='ocrx_word' id='word_1_141' title='bbox 576 2815 606 2876; x_wconf 88' lang='lat' dir='ltr'><strong>in</strong></span> <span class='ocrx_word' id='word_1_142' title='bbox 633 2815 707 2878; x_wconf 86' lang='lat' dir='ltr'><strong>locis</strong></span> <span class='ocrx_word' id='word_1_143' title='bbox 738 2815 825 2903; x_wconf 75' lang='lat' dir='ltr'><strong>siccis</strong></span> <span class='ocrx_word' id='word_1_144' title='bbox 842 2817 1027 2882; x_wconf 86' lang='lat' dir='ltr'><strong>Lusitaniae..</strong></span> <span class='ocrx_word' id='word_1_145' title='bbox 1053 2819 1159 2881; x_wconf 81' lang='lat' dir='ltr'><strong>Floret</strong></span> 
     </span>
     <span class='ocr_line' id='line_1_25' title="bbox 263 2914 645 2996; baseline -0.005 -16"><span class='ocrx_word' id='word_1_146' title='bbox 263 2922 363 2996; x_wconf 82' lang='lat' dir='ltr'><strong>Iunio,</strong></span> <span class='ocrx_word' id='word_1_147' title='bbox 384 2917 470 2978; x_wconf 84' lang='lat' dir='ltr'><strong>lulio.</strong></span> <span class='ocrx_word' id='word_1_148' title='bbox 493 2914 645 2978; x_wconf 86' lang='lat' dir='ltr'><strong>Perennis.</strong></span> 
     </span>
    </p>

    <p class='ocr_par' dir='ltr' id='par_1_11' title="bbox 262 3017 1156 3297">
     <span class='ocr_line' id='line_1_26' title="bbox 301 3017 1156 3101; baseline 0 -23"><span class='ocrx_word' id='word_1_149' title='bbox 301 3019 429 3078; x_wconf 79' lang='lat' dir='ltr'><strong>Furnio.</strong></span> <span class='ocrx_word' id='word_1_150' title='bbox 460 3018 550 3078; x_wconf 88' lang='lat' dir='ltr'><strong>Folia</strong></span> <span class='ocrx_word' id='word_1_151' title='bbox 569 3031 639 3078; x_wconf 81' lang='lat' dir='ltr'><strong>srmt</strong></span> <span class='ocrx_word' id='word_1_152' title='bbox 659 3017 911 3098; x_wconf 79' lang='lat' dir='ltr'><strong>orato-oblonga,</strong></span> <span class='ocrx_word' id='word_1_153' title='bbox 944 3019 1069 3096; x_wconf 84' lang='lat' dir='ltr'><strong>obtusa,</strong></span> <span class='ocrx_word' id='word_1_154' title='bbox 1100 3039 1156 3101; x_wconf 89' lang='lat' dir='ltr'><strong>ap·</strong></span> 
     </span>
     <span class='ocr_line' id='line_1_27' title="bbox 262 3114 1155 3200; baseline 0 -22"><span class='ocrx_word' id='word_1_155' title='bbox 262 3115 380 3200; x_wconf 80' lang='lat' dir='ltr'><strong>posita,</strong></span> <span class='ocrx_word' id='word_1_156' title='bbox 400 3119 536 3196; x_wconf 83' lang='lat' dir='ltr'><strong>utrinque</strong></span> <span class='ocrx_word' id='word_1_157' title='bbox 557 3117 763 3198; x_wconf 80' lang='lat' dir='ltr'><strong>pubescentia,</strong></span> <span class='ocrx_word' id='word_1_158' title='bbox 787 3114 895 3195; x_wconf 82' lang='lat' dir='ltr'><strong>incisa,</strong></span> <span class='ocrx_word' id='word_1_159' title='bbox 916 3129 1057 3197; x_wconf 78' lang='lat' dir='ltr'><strong>creante,</strong></span> <span class='ocrx_word' id='word_1_160' title='bbox 1084 3117 1155 3178; x_wconf 81' lang='lat' dir='ltr'><strong>bre·</strong></span> 
     </span>
     <span class='ocr_line' id='line_1_28' title="bbox 262 3215 509 3297; baseline -0.016 -19"><span class='ocrx_word' id='word_1_161' title='bbox 262 3215 340 3278; x_wconf 81' lang='lat' dir='ltr'><strong>viter</strong></span> <span class='ocrx_word' id='word_1_162' title='bbox 360 3215 509 3297; x_wconf 82' lang='lat' dir='ltr'><strong>petiniata.</strong></span> 
     </span>
    </p>

    <p class='ocr_par' dir='ltr' id='par_1_12' title="bbox 303 3313 1114 3400">
     <span class='ocr_line' id='line_1_29' title="bbox 303 3313 1114 3400; baseline -0.002 -20"><span class='ocrx_word' id='word_1_163' title='bbox 303 3316 455 3400; x_wconf 84' lang='lat' dir='ltr'><strong>Proprr&#39;et</strong></span> <span class='ocrx_word' id='word_1_164' title='bbox 478 3314 564 3378; x_wconf 82' lang='lat' dir='ltr'><strong>Odor</strong></span> <span class='ocrx_word' id='word_1_165' title='bbox 583 3314 688 3376; x_wconf 85' lang='lat' dir='ltr'><strong>leviter</strong></span> <span class='ocrx_word' id='word_1_166' title='bbox 707 3313 847 3396; x_wconf 79' lang='lat' dir='ltr'><strong>fragrans</strong></span> <span class='ocrx_word' id='word_1_167' title='bbox 871 3317 968 3400; x_wconf 85' lang='lat' dir='ltr'><strong>Sapor</strong></span> <span class='ocrx_word' id='word_1_168' title='bbox 988 3337 1114 3380; x_wconf 78' lang='lat' dir='ltr'><strong>animus</strong></span> 
     </span>
    </p>
   </div>
   <div class='ocr_carea' id='block_1_9' title="bbox 0 0 1211 4148">
    <p class='ocr_par' dir='ltr' id='par_1_13' title="bbox 0 0 1211 4148">
     <span class='ocr_line' id='line_1_30' title="bbox 0 0 1211 4148; baseline 0 0"><span class='ocrx_word' id='word_1_169' title='bbox 0 0 1211 4148; x_wconf 95' lang='lat' dir='ltr'><strong> </strong></span> 
     </span>
    </p>
   </div>
  </div>
 </body>
</html>
