2408 4148
291 283 446 338 nerent
469 283 752 338 nnrnnrcerrnn
925 288 973 362 79

114 400 270 482 Prupn'et.
292 401 379 461 Odor
398 414 443 462 est
462 399 612 475 foetidus,
632 399 737 478 fortis,
754 397 904 481 ingratus,
923 397 972 460 vi-

70 520 173 561 rosus.
196 499 292 579 Sapor
307 495 441 580 protinus
456 519 634 579 nsuseosns,
651 517 785 578 emerus,
800 496 869 559 dein
884 495 969 560 nens.

70 597 232 658 Flammae
252 595 407 657 admotum
429 593 527 657 vivide
549 595 615 656 luce
635 597 728 656 sedet
756 596 911 676 Digestuns
940 605 972 658 st

70 709 259 758 maceratum
279 699 307 756 in
329 715 425 776 nque,
446 709 531 756 sesto
551 693 631 773 vini,
651 715 740 758 sueto
760 694 972 769 liutitiorum,

70 801 165 874 vino,
187 795 291 879 spiritu
306 798 363 857 vini
377 795 507 858 solvitur.
522 815 637 878 semper
651 807 750 857 temen
762 794 875 878 aliquid
889 793 971 856 beutl

71 897 165 960 soluti
186 900 216 958 in
237 895 332 956 fundo
352 900 428 958 rnsis
449 909 591 978 superest.
1017 872 1022 892 ⁶

74 1055 304 1118 oporlusx.
330 1058 530 1135 opopanace.
552 1051 796 1116 Gummi-resine.

158 1179 326 1238 Pastinum
350 1175 530 1257 Opopnnax
549 1178 585 1238 l.

118 1302 230 1363 Locus.
260 1295 382 1358 Habitat
414 1299 444 1357 in
465 1296 568 1376 ltnlin,
601 1294 718 1375 Sicilia,
739 1295 915 1360 Alexandria
942 1307 974 1359 et
1061 1359 1064 1364 .

70 1404 222 1484 ¹Aegypte.
245 1393 398 1460 Perennis.

115 1502 246 1562 Forma.
267 1497 435 1580 Opnpnnsx
454 1506 498 1557 est
517 1498 739 1576 gummi-resins
753 1495 865 1574 solide,
884 1498 973 1580 frngi-

74 1599 128 1674 lis‚
148 1599 178 1659 iu
202 1593 329 1658 lacrimis
342 1595 546 1667 subrutundis,
567 1610 619 1656 eut
633 1595 733 1658 frustis
749 1595 845 1658 verine
859 1597 973 1662 formae

74 1716 106 1762 et
127 1697 232 1769 molis,
252 1693 547 1756 fluvido-rubicundis
568 1710 654 1756 extus
674 1699 852 1775 sustiuerit,
874 1719 973 1757 mecu-

73 1799 108 1862 lis
130 1799 205 1859 albis
225 1807 277 1857 nul
297 1794 434 1878 pallidis,
453 1798 500 1858 vel
521 1794 601 1856 intus
630 1794 792 1876 sublenis,
824 1795 973 1858 elbo-nse·

74 1897 194 1962 culntis.
494 1904 499 1913 “
790 1900 793 1913 “
870 1954 876 1964 ,

115 1999 268 2080 Propriet.
290 1996 376 2056 Odor
396 1995 542 2076 fragrans,
563 1995 765 2077 subin'grstnsr
786 2015 876 2078 σαροῖ
889 1995 973 2072 neris,

75 2117 206 2160 emerus.
227 2094 408 2156 lllenducste
428 2093 591 2153 substantie
602 2091 633 2153 in
650 2095 741 2154 fruste
755 2093 890 2156 dentibus
904 2117 972 2157 ser·

73 2203 158 2272 titur,
180 2194 248 2256 dein
270 2199 298 2255 in
319 2193 410 2256 saliva
429 2192 527 2254 solutu
547 2213 612 2252 enm
635 2194 731 2254 lacteo
753 2197 837 2275 tingit
860 2196 972 2258 culm.

72 2300 230 2360 Flammae
251 2295 371 2354 admotu
385 2290 566 2363 accenditur,
585 2292 761 2374 fumumque
774 2291 883 2354 emittit
894 2293 972 2356 simi·

73 2399 131 2459 lens
146 2399 196 2474 ei‚·
212 2415 301 2476 quem
321 2392 436 2474 gummi
456 2389 782 2474 ammonindnmspirat.
807 2393 883 2454 Cuin
895 2417 973 2476 aque

72 2501 143 2559 trite
165 2517 233 2578 pers
251 2492 387 2563 solvitur,
409 2513 535 2574 eamque
555 2492 679 2552 lacteam
703 2493 817 2555 reddite
850 2496 902 2555 sed
924 2517 972 2558 re·

73 2601 180 2659 sinose·
202 2615 268 2676 pers
288 2591 420 2663 secedit,
448 2591 519 2651 dum
550 2591 702 2652 subsidere
724 2590 856 2655 sinimus.
890 2593 972 2655 linee

73 2697 179 2780 spiritu
199 2691 259 2752 vini
274 2690 408 2752 solvitur.
430 2689 596 2771 Opupnnnx
610 2709 665 2752 nee
680 2692 707 2750 in
723 2689 797 2780 oleis
812 2690 894 2771 fixis,
915 2713 972 2754 nee
1054 2767 1057 2774 Ι

73 2797 101 2854 in
124 2791 278 2856 destilletis
299 2801 351 2850 sut
372 2789 576 2850 essentialibus
594 2789 729 2864 solvitur,
750 2795 797 2854 vix
812 2794 973 2873 sulingens

72 2893 175 2956 colore
198 2888 416 2951 viridi-flendo.

74 3049 292 3126 ORlGANUlll
312 3047 516 3112 VULGARE.
542 3049 693 3130 Oureglio.
716 3048 825 3110 Herba.

158 3171 328 3250 origanum
349 3170 471 3246 vulgare
493 3168 527 3227 L.

115 3291 224 3352 Locus.
248 3286 368 3346 Habitat
386 3284 416 3347 in
444 3281 594 3348 montibus
625 3285 782 3369 Europes,
813 3279 972 3366 Cenedue,
996 3325 998 3332 κ
1129 3292 1133 3308 “

12 3397 18 3406 ’
71 3387 235 3470 Virginius.
257 3387 361 3448 Floret
383 3383 458 3446 lulio
480 3399 510 3445 et
530 3387 674 3466 Augusto.
696 3387 849 3449 Perennis.

114 3491 244 3555 Fornrn.
265 3487 364 3548 Caulis
388 3498 433 3548 est
453 3485 630 3566 qundrntus,
652 3488 762 3564 ruber,
788 3489 972 3571 pubescens,
