2364 4140
275 307 737 358 ulrnntt²rnsttnttcntttht
903 287 947 387 47

56 473 507 564 EUPHORssttJtt.Eos0rt1·o.
529 465 772 542 cummi-resina.
837 493 839 496 ·

131 597 314 677 Euphorbia
333 599 527 680 officinarum
551 603 585 661 L.
607 615 638 660 et
658 603 853 682 antiquorum
874 601 923 683 Ej.

90 717 201 782 Locus
225 713 347 779 Habitat
361 717 391 778 in
404 719 573 802 Aethiopia,
593 719 716 802 aliisque
733 719 864 802 partibus
877 701 951 783 atri}

45 836 101 876 cae
123 823 279 878 aestuosis.
300 821 474 879 Arbustum.

83 917 223 978 Forma.
246 919 476 978 Gummi-resina
495 918 528 979 iu
549 919 708 998 grandibus
738 918 957 982 tauriniensis·
1050 997 1053 1006 .

44 1014 114 1077 offis
138 1019 240 1078 variae
260 1016 365 1092 molis,
385 1019 569 1099 subglobosis
591 1031 643 1080 aut
664 1020 867 1102 longiusculis,
897 1020 951 1082 sic·

41 1115 105 1194 cis,
130 1117 299 1198 fragilibus,
322 1118 455 1180 subinde
467 1120 529 1180 lere
550 1119 695 1198 ramosis,
716 1120 850 1202 pluribus
869 1121 950 1181 lora·

44 1219 103 1293 tis,
127 1214 245 1280 flavidis
274 1231 327 1278 aut
356 1217 428 1278 rufis
459 1229 490 1278 et
511 1219 672 1300 exalbidis,
703 1219 845 1281 similibus
865 1241 972 1294 ceree¹

42 1311 169 1392 flavae,
189 1315 241 1375 sed
263 1315 343 1376 baud
363 1314 485 1389 lucidis,
506 1316 559 1377 nisi
581 1319 724 1377 duntaxat
745 1319 861 1399 glabris.

83 1412 241 1494 Propi-iet.
264 1413 350 1476 Odor
363 1412 554 1476 debilissimus
568 1425 621 1476 sut
635 1416 742 1484 nullus.
765 1417 862 1499 Sapor
875 1437 947 1499 prc-
1028 1481 1036 1495 f,

44 1510 127 1574 tinus
149 1514 232 1574 bcud
253 1513 424 1595 percipitur,
445 1515 498 1576 sed
519 1527 622 1597 postea
638 1515 671 1576 lit
686 1515 781 1588 acris,
803 1517 946 1592 vellicans,

47 1614 174 1691 eniens,
205 1634 368 1675 nauseosus
397 1615 508 1696 diuque
539 1614 705 1676 inhaerens.
729 1610 944 1681 Manducstum

49 1724 101 1774 aut
119 1713 151 1774 in
176 1733 230 1778 ore
249 1725 423 1776 contentum
446 1713 578 1776 solvitur
590 1718 620 1774 in
638 1715 753 1790 saliva,
783 1713 950 1795 inflammat
969 1791 971 1797 Ι
1090 1773 1094 1782 t

44 1811 242 1894 corroditque
264 1827 379 1894 partes,
402 1815 535 1880 undeet
556 1814 606 1874 diu
627 1814 728 1890 lauces
750 1811 947 1892 ¹eat‘scnsatio

45 1910 173 1992 affligis,
193 1932 254 1993 quo
269 1909 366 1995 'magis
380 1935 458 1994 aqua
471 1912 577 1993 frigida
593 1915 740 1979 eluuntur.
764 1914 828 1994 lgni
842 1913 949 1974 admu-

44 2024 111 2072 tusn
133 2011 315 2092 accenditur,
336 2013 480 2094 ardetque
501 2010 621 2072 flammo
642 2010 760 2085 vivida,
780 2013 864 2072 sumo
883 2009 948 2075 suli·

43 2110 178 2192 ginequc
206 2109 287 2172 ortis.
318 2113 452 2171 Tantum
478 2109 509 2172 in
531 2102 643 2192 spiritu
663 2111 722 2174 vini
743 2125 888 2191 quantum
916 2108 949 2172 in

44 2231 127 2291 aqua
157 2209 302 2286 solvitur,
333 2209 414 2268 unde
435 2209 591 2289 aequalem
613 2230 677 2270 esse
697 2228 884 2290 gummosem
911 2229 947 2270 ac

44 2312 210 2372 resinomm
230 2320 363 2389 partem,
383 2307 538 2371 efficimus.
559 2306 632 2370 Pisti
653 2309 745 2391 pulvis
759 2308 870 2395 subtilis
883 2307 947 2388 spi·

45 2411 119 2469 ritus
140 2405 282 2488 impedit,
312 2407 392 2468 unde
422 2422 454 2468 et
474 2411 657 2492 mortarium
687 2405 812 2498 contegi
833 2418 865 2470 ct
885 2409 943 2470 oris

46 2505 228 2587 nariumque
239 2506 346 2594 aditus
367 2495 481 2568 nauniri'
494 2509 623 2587 expedit.

45 2665 244 2726 FARFARA.
271 2665 469 2746 Tussilagcm.
491 2664 588 2727 Folia.
665 2743 671 2752 ι

131 2781 290 2866 Tussilagc
311 2787 452 2870 Farsaru
473 2789 509 2850 L.

86 2903 199 2964 Locus.
220 2902 344 2964 Habitat
361 2906 390 2964 in
411 2903 484 2966 locis
496 2903 642 2972 buniidis,
660 2902 766 2974 lutosis
780 2903 871 2966 totius
885 2903 944 2968 Eu·
1032 2929 1035 2933 ·

45 3022 150 3084 rupae.
170 3001 275 3064 Floret
294 3004 401 3066 Martio
422 3018 453 3067 et
473 3003 574 3085 Aprili.
596 3001 750 3064 Perennis.

83 3103 214 3162 Forma.
234 3100 323 3162 Folia
343 3101 501 3176 radicalia,
521 3102 609 3182 longe
624 3101 782 3183 petiolata,
802 3101 943 3166 cordatos

43 3197 252 3274 subroutnda,
271 3197 444 3270 sublobata,
466 3197 772 3275 rubro-denticulata,
789 3197 940 3279 grandin,

43 3297 152 3378 pena,
174 3278 266 3376 supra
282 3296 476 3376 lanuginose,
496 3317 624 3372 venosa,
644 3297 749 3356 subtus
763 3306 940 3372 tomentosa,

43 3394 163 3456 incana.
185 3393 292 3457 Petinli
312 3396 415 3458 subtus
436 3394 578 3472 convexi,
598 3417 685 3478 supra
706 3395 807 3478 ficui,
833 3394 940 3456 subto·

44 3495 182 3556 mentcsi.
