2408 4148
269 285 424 338 nannum
448 283 734 338 snmuscnurrca
902 263 949 336 rs

53 425 215 489 penumero
241 404 320 467 inter
344 405 439 465 fnaccs
466 418 519 466 aut
545 406 574 466 in
605 401 747 466 intestinis
777 399 949 486 Pbysetcris

51 504 277 588 macroccphali.

85 605 218 668 Forma.
249 602 422 666 Substantia
454 603 567 675 mollis,
601 602 770 686 glutinosa,
804 601 843 662 ad
863 621 950 666 cerac

50 705 153 781 instar,
174 703 285 768 coloris
306 703 434 780 cinerei,
464 703 582 787 punctis
602 703 808 768 ssavicantibus
830 713 882 766 aut
904 704 951 767 ni·

53 803 103 888 gris
122 826 240 889 sparsas
272 805 371 868 frustis
392 805 620 888 irregularibus,
643 805 823 888 quandoque
845 817 951 868 rotun·

53 903 136 987 lctis,
158 927 238 990 quse
259 905 357 968 stratis
379 921 600 989 componuntur
614 909 793 988 squammis,
813 907 879 990 plus
894 907 950 970 nti·

53 1025 137 1068 nusve
158 1010 283 1069 crassiss
312 1009 463 1068 continent
490 1025 579 1090 sacpe
599 1003 725 1068 frustula
745 1007 947 1092 concharum,

61 1103 237 1188 stratumque
257 1105 368 1189 spinas.
404 1139 411 1146 ·
906 1181 910 1192 ,

86 1205 239 1290 Propriae.
262 1206 347 1267 Odor
368 1205 557 1280 moschntus,
583 1204 845 1288 fragrantissimus:
877 1206 953 1274 dunt

60 1303 147 1368 talalit
168 1316 222 1368 aut
243 1305 380 1382 fricatur,
416 1305 479 1366 aliis
507 1305 598 1390 rebus.
616 1304 751 1366 lucillims
772 1307 950 1388 impertitur.

62 1403 143 1490 lepor
163 1407 275 1470 nullus.
303 1407 482 1470 Manducata
510 1406 656 1469 ‘dentibus
684 1407 848 1470 adhaerete
883 1408 952 1470 fun·

60 1505 147 1584 litor,
169 1507 236 1596 sine
257 1509 428 1571 ebullitione
455 1529 509 1569 nac
536 1485 663 1591 spirutu,
689 1506 714 1570 ai
743 1509 773 1570 in
803 1509 950 1572 cochleari

65 1605 200 1670 retollico
234 1609 273 1669 ad
297 1597 457 1670 flammari
469 1608 616 1672 candelae
637 1627 740 1670 cerasa
761 1609 950 1673 admovetur.

64 1709 141 1772 latro
162 1707 264 1772 calido
286 1731 340 1771 nec
361 1710 522 1788 adhaeret,
543 1729 599 1770 nac
613 1709 736 1771 solvitur
749 1708 854 1792 spiritu
876 1711 951 1787 vini,

61 1829 104 1871 tea
123 1811 206 1873 subit
226 1829 344 1896 aquam.
367 1813 449 1874 Haec
469 1825 515 1873 cst
535 1810 667 1894 optimas
701 1809 827 1894 plurima
848 1823 952 1885 autent
1085 1813 1088 1822 '

61 1907 158 1972 unalis
179 1908 346 1974 adulterata
367 1931 430 1972 essa
451 1911 536 1972 solet.

63 2069 302 2132 intonantis
346 2069 518 2132 AMARAE.
552 2069 729 2134 Amendoas
760 2089 951 2153 omurgosas.

91 2171 204 2233 Nuces.
225 2171 333 2233 Arbor.

128 2291 324 2372 Amygdalns
343 2291 511 2352 communis
532 2291 567 2353 L.
691 2331 697 2346 ι

92 2409 202 2474 Locus.
225 2409 348 2471 Habitat
370 2411 398 2470 in
419 2407 592 2485 Lusitania,
614 2408 765 2493 Hispania.

92 2509 220 2574 Forma.
242 2511 374 2571 Fructus
396 2524 440 2572 est
462 2526 597 2588 ovatus‚.
613 2509 752 2592 utrinque
781 2509 952 2593 planiusctt·

57 2607 118 2689 lus,
139 2623 261 2683 acutus,
282 2610 435 2692 putamine
457 2611 647 2685 rubicundo,
671 2631 798 2693 rugoso,
819 2612 955 2688 sulcato,

59 2711 168 2792 striato:
192 2709 421 2793 paranchymatc
441 2709 586 2784 candido,
617 2710 815 2792 glebarum,
841 2707 954 2788 solido,

59 2805 225 2890 binas-tibili.

95 2907 246 2992 Propricl.
282 2909 378 2992 Sapor
407 2907 592 2987 amaricans,
623 2908 763 2996 clausus,
797 2907 953 2981 larinosus.

60 3005 231 3070 Masticatac
251 3007 281 3069 in
300 3008 394 3069 frusta
422 3007 551 3080 abeunt,
581 3004 701 3069 salivam
732 3006 857 3071 lacteam
885 3009 955 3072 rad·

60 3105 142 3170 dunt.

61 3265 320 3328 sttYonanE-
334 3265 503 3327 DULCES.
524 3264 701 3329 Amandone
720 3267 821 3331 doces.
846 3265 952 3332 llutos.

98 3364 204 3428 Arbor.

140 3487 331 3568 Amygdalus
350 3485 517 3545 corruituris
531 3486 571 3546 ‘Ic

143 3605 264 3668 Prrsnrr.
287 3607 479 3668 Ltlsrrsntcn
