2408 4148
228 259 286 352 'ad
617 281 698 332 atas
723 285 746 332 1.

260 396 385 468 jocus.
406 393 530 458 Habitat
548 395 580 457 iu
601 396 763 481 Hispania,
782 397 945 460 Lusitania.

277 497 407 558 Forma.
427 497 558 556 Fructus
579 496 669 578 priori
690 497 810 577 similis,
833 498 885 560 sed
906 495 1055 579 grandior.

279 595 431 676 Propriet.
451 598 549 679 Sapor
569 595 682 670 dulcis,
703 599 842 670 oleosus,
861 598 1016 659 sarinosus.
1048 594 1140 656 Man·

239 691 364 755 duratae
384 692 415 755 in
435 693 529 756 frusta
549 697 680 771 abeam,
700 697 821 757 salivam
842 697 971 758 lacteam
992 694 1133 757 reddunt.

239 853 442 920 ANGELICA
463 853 621 918 SATlVA.
641 855 799 936 Angelica.
820 855 923 917 Radix.

256 1011 259 1018 ·
321 977 468 1056 Argolica
489 973 710 1054 Archangelica
730 977 766 1035 L.
867 1037 873 1043 ,

281 1095 391 1156 Locos.
413 1092 536 1154 Habitat
562 1091 594 1154 in
623 1094 737 1176 alpibus
759 1092 951 1175 Lepponiae,
981 1094 1142 1165 lustriae,

241 1197 272 1256 in
291 1195 453 1276 Pyrenaeis
476 1191 650 1256 cataloniae
671 1205 700 1255 et
713 1193 744 1255 in
755 1197 917 1258 Lusitania.
930 1194 1036 1255 Floret
1052 1193 1142 1256 Iunio

242 1306 274 1357 et
294 1294 378 1356 lulio.
399 1292 527 1356 biennis.
1073 1303 1078 1316 ‘

282 1395 413 1456 Forma.
434 1394 530 1454 Radix
551 1415 653 1456 recens
682 1394 841 1457 lusilormis
860 1394 1041 1479 cylindrica,
1074 1395 1143 1478 pol·

242 1496 330 1556 licem
350 1507 380 1556 et
401 1495 482 1577 quod
502 1488 652 1571 excurrit,
673 1517 787 1558 crassas
810 1519 937 1579 rugosa,
967 1498 1074 1557 coloris
1095 1495 1142 1558 ci·

242 1595 326 1658 nerei
346 1617 509 1678 parumper
523 1595 600 1673 rufi,
621 1596 718 1659 cincta
732 1597 869 1659 radiculis
883 1607 936 1658 aut
948 1595 1063 1657 fibrillis
1077 1597 1143 1658 lon·

245 1697 307 1778 gis,
327 1695 487 1770 teretibus,
507 1697 623 1760 crassis.
655 1698 859 1780 Parenchyma
880 1718 985 1758 recens
1006 1707 1052 1758 est
1073 1718 1141 1759 car·

244 1813 372 1869 nusum,
406 1795 557 1873 albidum,
591 1817 680 1858 succo
710 1796 868 1861 ssavicante
902 1808 1037 1877 scatens,
1068 1796 1143 1858 dum

245 1894 397 1972 siccescit,
419 1880 620 1978 spongiosum.

286 1995 439 2076 Propi-iet.
460 1997 547 2057 Odor
567 1999 762 2074 aromaticus,
782 1998 932 2078 fragrans,
953 2009 1061 2079 gratus.
1084 1995 1142 2058 Sa·

247 2116 304 2178 por
324 2099 521 2172 aromaticus,
551 2095 643 2158 sortis.
680 2099 860 2158 Manducata
889 2102 1022 2180 protinus
1052 2097 1144 2158 habet

248 2193 344 2257 dulcis
365 2196 494 2278 aliquid,
515 2197 582 2274 dein
603 2197 758 2270 calefacit,
782 2196 858 2258 acris
878 2197 936 2277 fit,
966 2206 1055 2278 auget
1076 2197 1143 2258 sali·

248 2313 336 2372 vam,
357 2297 486 2380 linguam
506 2312 537 2360 et
557 2299 688 2381 palatum
709 2285 827 2360 vellicat
847 2319 882 2359 ac
903 2297 1045 2361 calefacit.

250 2458 413 2520 ANlSUM.
434 2458 537 2519 Herva
557 2461 642 2519 doce.
665 2458 794 2520 Semina.

332 2578 516 2658 Pimpirtella
538 2579 668 2653 Antrum
687 2580 723 2639 L.

292 2696 401 2756 Locus.
423 2695 544 2756 Habitat
562 2695 594 2757 in
615 2695 713 2770 ltalia,
734 2695 851 2769 Sicilia,
872 2698 1007 2778 Aegypto
1021 2694 1143 2776 aliisque

254 2796 386 2857 Orientis
407 2796 583 2878 regionibus.
618 2795 736 2858 Colitur
757 2800 785 2856 in
807 2796 912 2857 Gallia.
932 2796 1039 2856 Floret
1058 2795 1143 2856 lulio.

253 2897 370 2956 Annua.

293 2995 420 3058 Forma.
442 2993 564 3056 Semina
584 3007 652 3057 sunt
673 2996 924 3077 ovato-oblonga,
946 2993 1076 3075 turgida,
1096 3014 1143 3074 ge·

254 3095 352 3175 ruina,
386 3092 455 3153 binc
475 3095 585 3175 plana,
616 3094 686 3154 inde
706 3115 861 3166 convexa,
898 3090 1145 3174 longitndiaaliter

255 3191 377 3264 striata,
396 3193 503 3252 coloris
525 3192 650 3251 exalbidi
672 3201 724 3252 aut
744 3190 1062 3266 cinereo-virescentis,
1081 3189 1145 3250 lon·

256 3291 389 3376 gitudine
409 3290 518 3368 lineam
540 3297 676 3372 aequant.

295 3391 447 3472 Proprr'et.
469 3391 554 3450 Odor
574 3392 771 3464 aromaticus,
790 3392 895 3451 suavis.
911 3388 1007 3470 Sapor
1027 3407 1144 3469 quoque

257 3489 452 3568 aromaticus,
486 3488 656 3572 subdulcia,
685 3488 876 3554 suavissimus
896 3501 927 3548 et
946 3501 1029 3570 grate
1051 3491 1144 3548 actiu-

257 3589 367 3654 aculus.
