2408 4148
249 268 297 342 68
631 292 710 341 runs
737 293 756 338 t.

248 463 415 522 uttsttx.
440 463 599 543 Almecegn
618 467 664 538 da
682 467 786 526 India.
808 467 927 526 llesiua.

328 583 466 644 Pistncia
489 585 642 645 Lentiscus
663 585 698 647 L.

288 701 395 761 locus.
418 698 538 762 Habitat
558 701 588 761 in
611 702 696 764 Chio.
712 703 825 764 'At-bor.

287 802 412 863 Forma.
431 804 538 863 Resina
559 802 653 864 solida
674 803 705 866 in
726 799 823 886 granis
844 818 896 865 aut
909 800 1045 865 lacrimis
1073 823 1149 865 ova·

247 901 307 979 tis,
328 905 424 962 variae
445 901 550 984 molis,
583 901 675 976 albis,
708 905 819 984 pallidis
841 925 892 964 seu
914 902 1148 982 flavinantibus,
1200 887 1201 900 ἵ

247 1002 414 1084 pellucidis,
448 1003 599 1086 superficie
625 1023 714 1085 saepe
738 1024 849 1084 opaca,
879 1003 1050 1088 fragilibus:
1087 1025 1149 1087 qua

246 1103 406 1184 frangitur,
427 1101 507 1165 lucet
527 1103 565 1164 od
587 1101 653 1163 vitri
674 1103 777 1164 instar.
799 1103 955 1184 Ellgeudn,
977 1125 1056 1187 quae
1070 1125 1146 1186 pura

247 1215 312 1280 est,
342 1204 494 1278 rellucida,
514 1201 545 1262 iu
567 1201 692 1264 lacrimls
713 1204 891 1286 grandibus,
912 1225 1052 1287 quaeque
1074 1205 1146 1265 den·

248 1301 327 1363 tibus
343 1303 509 1388 adbaeret,
542 1318 577 1365 ut
606 1324 689 1377 cera,
723 1325 800 1386 quae
832 1308 907 1364 sicca
937 1315 982 1368 est
1008 1317 1040 1368 et
1061 1307 1145 1368 facile

246 1402 381 1464 dentibus
402 1401 541 1464 mollitur.
861 1398 888 1481 ἰ

289 1503 440 1585 Propriet.
462 1503 549 1563 Odor
569 1501 748 1565 aromaticus
771 1505 934 1586 singularis.
961 1506 1144 1570 tlandurau

246 1604 402 1679 dentibus,
423 1609 452 1664 in
473 1621 601 1665 massam
616 1607 675 1664 coit
696 1603 897 1687 subrigidarn,
918 1606 1035 1686 albam,
1058 1629 1144 1670 cerne

247 1686 521 1788 albaena'emulutu,
550 1703 603 1768 sed
631 1719 707 1785 quae
728 1705 817 1765 saliva
839 1706 919 1766 haud
941 1707 1080 1771 solvitur.
1113 1710 1144 1768 lu

246 1826 324 1886 aqua
345 1789 596 1877 linud'sdlvitur,
628 1803 684 1865 uisi
715 1803 795 1888 quod
821 1806 971 1886 impertiat
996 1807 1144 1870 odorem:

246 1908 275 1964 iu
296 1904 403 1986 spiritu
426 1895 491 1964 vini
514 1903 673 1964 maximam
704 1917 817 1988 partem
847 1907 995 1983 solvitur,
1029 1907 1145 1970 decima
1200 1915 1201 1992 ᾖ

245 2005 306 2066 sere
327 2015 411 2087 porte
431 2001 586 2088 superstite
606 2000 637 2064 iu
659 2001 733 2065 vusis
755 2004 859 2068 fundo.

247 2166 503 2228 Matutcntttt.
524 2118 718 2226 Matriieart'a.
740 2164 841 2226 Herba
861 2163 980 2230 florens.

326 2286 513 2347 Matricaria
534 2284 728 2345 Parthenium
750 2285 785 2346 t..

288 2407 396 2465 Locris.
421 2403 542 2464 Habitat
563 2390 686 2464 in‘locis
708 2403 845 2485 incultis,
868 2406 1057 2486 rupestribus
1079 2409 1141 2470 Eu·

247 2527 353 2586 rupae,
374 2504 453 2565 culta
475 2507 504 2564 in
526 2503 618 2565 hortis
638 2500 817 2564 Lusitaniae.
848 2504 952 2565 Floret
973 2528 1027 2588 prr
1049 2522 1143 2570 toturn

247 2617 399 2665 uestatenr.
420 2605 567 2663 Perennis.

288 2709 414 2766 Forma.
438 2705 545 2766 Caules
568 2718 636 2764 sunt
657 2703 750 2782 recti,
786 2715 910 2780 teretes,
942 2709 1056 2778 striati,
1083 2709 1143 2790 glu-

247 2807 312 2886 bri,
336 2806 515 2877 subrumnsi,
535 2801 693 2885 bipedales.
715 2802 800 2864 Folia
823 2805 955 2884 alterna,
978 2807 1144 2888 petiolata,

248 2907 365 2988 ampla,
389 2907 522 2986 pinnato,
545 2901 649 2962 foliolis
671 2901 867 2984 pinnatilid'ts,
893 2902 1005 2964 laciniis
1028 2911 1144 2986 ovatis,

248 3009 381 3088 oblongis
403 3007 540 3080 serratis,
571 3003 671 3064 colore
699 3002 805 3085 pallide
834 3001 928 3063 viridi.
962 3004 1069 3067 Flores
1093 3029 1146 3067 nu·

247 3121 368 3172 scuutut·
389 3131 404 3168 e
424 3103 543 3186 fastigiis
569 3105 695 3164 caulium
724 3123 954 3184 ramorumque,
968 3093 972 3100 ¹
986 3107 1146 3186 peduncu-

247 3211 299 3272 lnti
321 3223 409 3279 sunt,
437 3203 612 3289 corymbusi.
634 3202 740 3264 Discus
761 3201 893 3263 continet
914 3203 1057 3268 flosculos
1080 3208 1149 3269 her·

248 3309 472 3392 mapbroditos,
507 3303 621 3380 flavos,
658 3302 832 3375 tubulosos3
864 3301 966 3362 radius
1001 3301 1146 3366 flosculos

247 3411 391 3472 femineos
412 3406 513 3480 albos,
543 3401 721 3486 lingulatos,
753 3401 913 3484 oblongos,
946 3401 1146 3482 tridentatos,
1200 3451 1201 3472 .

250 3509 380 3592 glabros,
411 3527 498 3587 supra
524 3503 671 3576 sulcatos,
704 3500 805 3562 subtus
828 3503 988 3584 rugulosos.
1026 3503 1145 3567 Omnes
