2418 4146
205 329 211 338 ·
277 307 431 358 Meuania
455 307 742 358 rultutcuurtot
882 309 944 354 111

47 478 317 541 TARAXACUM.
341 484 436 554 Dente
456 480 493 544 de
513 483 592 544 letio.
613 481 721 542 Radix.

134 599 316 661 Leontodorr
342 601 541 662 Taraaacum
561 602 598 665 1..

91 720 207 779 Locus.
227 717 350 778 Habitat
370 717 399 778 io
420 721 509 798 pratia
530 705 567 778 et
580 717 619 778 ad
639 719 700 778 viae
720 714 890 778 Lusitaniae
910 729 955 776 to·

46 824 174 900 tiusque
194 818 343 900 Europae.
366 819 470 880 Floret
492 819 582 902 Aprili
603 819 641 880 ad
663 817 781 880 Iulium.
800 815 955 891 Perennis,

47 922 197 1001 vulgaris.

91 1022 225 1080 Forma.
247 1018 343 1080 Radix
364 1029 409 1080 cst
429 1017 608 1102 cylindrica,
628 1018 728 1092 lusca,
750 1038 882 1099 rugosa,
903 1039 956 1078 ru-

48 1119 96 1201 gia
119 1116 389 1192 transversolibua,
409 1115 625 1181 annularibus:
647 1115 730 1197 digiti
752 1114 866 1176 minimi
880 1137 959 1176 crae·

48 1217 139 1295 aitie,
155 1215 247 1298 palmi
261 1213 465 1296 longitudinm
487 1217 678 1289 aubramoaar
692 1217 805 1276 munita
819 1215 958 1295 utrinque

49 1316 131 1378 serie
154 1312 282 1397 simplici
296 1315 446 1380 'librorum
467 1313 659 1395 capillariam.
686 1313 892 1395 Parencbyma
913 1327 959 1374 eat

48 1435 237 1487 carnosum,
268 1413 384 1475 laminis
415 1409 708 1486 rariia'l'ormatum,
739 1426 792 1474 aut
812 1413 957 1493 pelliculis

48 1513 239 1578 imbricatis:
266 1513 395 1578 medulla
417 1511 530 1594 rigida,
551 1515 742 1575 transversim
763 1523 841 1574 aeota
852 1557 861 1586 ,
892 1533 961 1572 oen·

52 1629 140 1676 trum
161 1613 254 1674 babet
274 1609 395 1674 circellia
415 1622 470 1673 aut
490 1613 604 1678 annulis
625 1610 820 1674 conoeatrioir
835 1631 960 1692 compo·

55 1722 163 1769 artum.

98 1806 256 1884 Propriae.
270 1803 356 1863 Odor
376 1801 485 1866 nullus.
500 1802 598 1888 Sapor
612 1823 750 1882 amaror,
771 1822 841 1863 cum
862 1801 962 1882 aliqua

55 1900 223 1964 dulcedine
243 1899 339 1962 initio.
353 1901 494 1990 Protinus
515 1913 551 1963 ut
563 1901 716 1979 evellitur,
736 1899 966 1962 iriltarauceutu

56 2001 207 2085 spissum,
227 1999 406 2077 candidum,
426 2003 551 2064 cremori
566 1999 647 2068 laotia
660 1999 800 2077 similem,
815 1985 966 2063 amatura

57 2159 280 2223 TilRTllRUS
314 2159 485 2221 CRUDUS.
532 2160 676 2220 Tartaro.
719 2158 771 2222 Sal
805 2105 963 2220 eaimtialii

102 2257 217 2320 acidus.

148 2379 301 2450 Tartarur
321 2378 384 2439 viai
403 2379 439 2438 L.

105 2497 216 2556 Meus.
237 2477 391 2554 lovenitur
410 2492 441 2562 iu
463 2496 555 2568 varia,
577 2514 705 2576 quorum
725 2495 851 2564 fundum
873 2497 964 2577 petit,

62 2593 137 2654 dum
160 2595 268 2653 sensim
290 2592 393 2653 vinum
413 2593 602 2661 fermentat„

104 2695 234 2753 Forma.
249 2691 395 2750 Tartarus
409 2700 454 2751 est
470 2693 511 2751 sal
534 2683 694 2752 essentialis
715 2689 833 2770 addus,
854 2706 966 2772 nuptus

62 2791 149 2852 alcali
180 2788 339 2870 vegetabili
360 2801 391 2850 et
411 2791 497 2863 oleo,
526 2789 558 2849 in
588 2790 705 2851 laminis
739 2790 965 2871 irregularibus,

63 2909 144 2970 quae
157 2907 225 2948 mox
239 2898 411 2968 compactae
425 2881 648 2970 subdiaphanae
663 2886 748 2968 eunt,
762 2892 857 2950 atratis
870 2889 967 2970 dispo·

63 2986 140 3048 ritae
151 3031 161 3066 ,
184 2984 330 3068 crystallis
351 2985 467 3067 exiguis
488 2985 793 3068 splendidlarelertae
813 2987 967 3049 exalbidae

65 3099 119 3146 aut
141 3085 350 3154 1·obeaeentes;
384 3103 456 3143 mox
475 3081 557 3142 haud
589 3091 781 3165 compactae,
813 3073 967 3165 impurae,

65 3201 198 3264 opacae,
219 3200 296 3262 quae
316 3179 403 3240 facilc
420 3178 566 3240 laliacunt.
582 3180 664 3240 Alter
677 3191 803 3242 vocatur
818 3181 968 3245 Tartarus

65 3289 175 3364 albas,
197 3283 346 3367 optimus,
366 3285 440 3344 alter
465 3284 616 3344 Tartarus
637 3285 736 3346 ruber.

56 3415 60 3424 ’
108 3386 259 3462 Propriet.
282 3382 377 3463 Sapor
397 3393 441 3442 eat
461 3381 692 3444 acido-vinosus.
707 3382 753 3443 Ad
766 3383 864 3464 ignem
885 3405 970 3466 aper·

68 3501 134 3546 tum
157 3481 282 3553 vertitur
301 3480 332 3542 iu
353 3481 437 3542 alcali
460 3480 635 3562 vegetabile.
655 3483 690 3544 la
710 3503 790 3564 equa
809 3483 968 3549 difficulter
