2360 4142
235 263 303 353 184
600 286 682 336 rans
711 286 748 334 11.

291 398 360 462 olei
380 396 487 458 vitrioli
509 398 609 460 uncias
631 401 706 461 duas
727 415 796 460 cum
818 398 955 462 dimidia.

311 497 391 559 Oleo
412 498 493 580 prius
515 501 543 558 in
565 503 739 560 mortarium
760 497 889 562 vitreum
909 499 1010 562 inluso
1024 519 1134 582 super·

270 599 396 660 stillatur
409 599 561 681 paullatim
576 599 696 660 aeidum
706 625 715 661 ι
727 601 869 662 mssaudo
882 621 1051 682 parumper
1065 612 1135 681 post
1171 603 1172 664 ζ

271 699 385 780 singula
405 699 564 778 stillicidia,
585 703 727 761 continuo
749 703 875 815 agitetur
889 721 947 782 ope
962 698 1137 782 pistillivi·
1171 741 1172 786 l

273 796 336 857 trei.
359 798 501 859 Mixtione
512 797 661 871 absoluta,
681 811 739 860 stet
752 802 781 860 in
796 799 962 880 digestione
977 821 1033 882 per
1045 801 1138 883 nych-

272 900 446 972 themeron‚
468 911 502 960 ut
523 898 707 960 connubium
728 921 765 961 eo
786 899 896 960 arctius
917 899 981 960 fiat.

311 1003 345 1060 N.
368 999 451 1060 Acidi
473 1021 608 1062 excessus
630 1000 830 1060 moderandus
854 1015 908 1060 aut
927 1000 1137 1083 prohibendus

273 1112 318 1160 est
339 1100 450 1182 duplici
471 1101 584 1162 modo:
616 1121 639 1162 ι.
661 1121 773 1182 sapone
793 1103 832 1161 ad
853 1107 951 1162 aerem
973 1103 1138 1163 humidum

169 1254 173 1274 s
251 1200 432 1284 collocato,
454 1212 488 1260 ut
510 1201 628 1260 aeidum
649 1201 783 1285 solvatur
802 1201 833 1260 in
853 1202 969 1284 liquore
990 1203 1138 1286 limpido,

273 1300 304 1360 in
326 1303 443 1382 saponis
464 1300 620 1382 superficie
641 1313 781 1375 notanter
808 1323 836 1361 a.
858 1313 912 1363 aut
932 1324 1014 1384 aqua
1036 1305 1139 1364 destil-

273 1403 333 1460 lata
354 1403 487 1461 fervente
508 1401 541 1463 in
561 1423 701 1484 saponem
724 1401 876 1475 coniecto,
906 1417 941 1464 ut
969 1403 1020 1463 hie
1042 1403 1140 1485 qune·

275 1500 368 1560 faetus
389 1499 579 1582 superficiem
600 1522 697 1582 aquae
718 1513 811 1584 petat.
843 1504 931 1564 Tunc
956 1501 1062 1583 liquor
1089 1504 1139 1563 fri·

137 1617 148 1644 0
253 1596 407 1678 'selectus
429 1599 612 1659 decantatur.
645 1600 761 1676 Quodsi
789 1601 865 1660 lor-te
885 1604 1054 1662 etiamnum
1077 1602 1137 1662 nci-

275 1698 347 1758 dum
370 1697 494 1762 liberum
516 1695 712 1780 superfuerit,
735 1698 881 1780 repetitur
901 1721 937 1783 ea
959 1701 1109 1782 operatio.

358 1857 462 1919 SAPO
484 1857 710 1917 ructamus
730 1879 752 1918 s.
777 1857 1027 1921 HISPANICUS.

236 1975 276 2076 fl).
298 1994 400 2056 Lixivii
424 1995 523 2056 Sodae
544 1997 655 2057 crudae
677 2017 745 2056 cum
767 1997 848 2058 calce
869 1997 976 2058 libram
999 2020 1112 2076 unam,

298 2094 366 2155 Olei
386 2093 543 2155 Olivarum
563 2093 611 2156 vel
634 2096 865 2178 Amygdalarum
880 2096 976 2157 libras
998 2098 1088 2158 duas.

315 2196 406 2254 Mixta
434 2197 463 2254 in
486 2215 554 2255 vase
575 2205 646 2275 apto
667 2193 819 2276 agitentur
848 2195 985 2278 spathula
1016 2197 1137 2279 lignea,

277 2293 374 2353 donee
394 2293 524 2354 albescat
537 2293 650 2354 mixtio.
666 2294 770 2372 Quieti
783 2296 979 2357 committitur
993 2317 1049 2378 per
1065 2309 1137 2356 octo

276 2389 357 2467 dies,
380 2402 413 2450 ut
434 2381 594 2451 arctissime
615 2393 800 2473 iungantur..

316 2587 337 2611 2
452 2549 589 2609 SEBUM
609 2551 918 2626 PRaEPalttTUM.

317 2691 430 2751 Sebum
451 2689 602 2750 concisum
617 2691 655 2750 ad
668 2693 766 2770 ignem
782 2691 881 2751 leuem
892 2689 1051 2772 liquefiat,
1072 2705 1136 2754 tum

276 2788 409 2864 coletur,
430 2804 466 2848 ut
486 2787 643 2870 pelliculae
663 2787 813 2870 secedant!

316 2891 351 2950 ll.
374 2884 459 2950 Eode
445 2911 490 2950 em
502 2889 594 2950 ruodo
603 2888 789 2970 depurantnr
802 2889 858 2950 alil
864 2889 964 3014 adipes
977 2903 1031 2952 aut
1046 2913 1136 2954 axun-

277 2990 343 3072 giae
364 2977 516 3051 animales

385 3150 523 3211 sanun
545 3081 691 3226 naonis
714 3149 990 3226 rnuuuosuu.

235 3265 277 3368 Β).
298 3289 397 3348 Laetis
418 3286 529 3367 caprini
552 3299 604 3346 aut
623 3286 739 3346 vaccini
760 3286 848 3346 libras
870 3287 968 3362 duas,

226 3441 230 3448 ,
296 3385 439 3447 Aluntinis
459 3385 543 3446 crudi
565 3385 710 3467 pulverati
732 3389 847 3448 sanciam
869 3387 1031 3448 dimidiam.

314 3483 465 3564 Ebulliat,
487 3500 521 3546 ut
541 3486 584 3548 lac
605 3484 801 3568 coagulatur,
822 3496 885 3547 tum
907 3487 1033 3550 coletur.
