2408 4148
287 315 440 371 maenaa
465 312 748 376 ausanacnurrca
915 295 962 389 87

63 485 269 567 QUERCUS.
293 489 460 549 Caruerllro.
482 488 604 549 Cortex.

150 609 284 692 Querens
305 611 410 671 Robur
429 611 465 671 L.

105 728 217 789 Locus.
239 727 361 790 Habitat
377 749 435 810 per
455 720 573 790 amnem
593 727 757 809 Europam.
784 728 881 790 Arbor
902 729 970 790 vul·
997 715 1000 722 Α

64 825 154 906 geris.
461 816 464 824 ¹

105 927 235 988 Forma.
269 927 387 988 Cortex.
404 939 451 988 est
481 946 615 1005 crassus,
636 926 840 1010 subigamus,
866 929 967 990 colore

64 1023 205 1104 cinereo,
226 1041 311 1087 extus
332 1023 581 1107 longitudinaliter
601 1025 681 1088 fisso.

105 1123 260 1205 Propriet.
283 1121 371 1185 Odor
390 1123 497 1185 nullus.
519 1125 615 1205 Sapor
629 1126 696 1186 satis
710 1125 872 1207 styptiens,
893 1126 966 1186 sub·

64 1242 198 1284 amarus.
931 1247 933 1250 ·

61 1381 278 1444 aaauanus
299 1382 563 1446 rusticanus.
587 1357 689 1446 aaran
720 1377 848 1460 marco:
871 1383 967 1444 esaan

104 1501 218 1543 recent.

148 1601 330 1663 Coelaleuria
352 1601 537 1662 Araroraer'a
557 1603 592 1662 1..

103 1722 216 1783 Locus.
239 1719 360 1782 Habitat
382 1725 411 1781 in
435 1720 505 1782 loeis
524 1719 674 1796 humidis,
695 1720 733 1781 ad
755 1720 832 1801 ripas
857 1720 965 1780 fluvio·

60 1841 131 1882 rum
156 1818 327 1880 Lusitaniae
348 1831 380 1880 et
400 1821 539 1902 Europae
554 1819 689 1880 essstrulls
699 1866 707 1897 ,
730 1820 838 1880 colitur
852 1823 881 1880 lu
894 1820 965 1880 hur·-

59 1918 112 1982 tis.
134 1921 241 1980 floret
261 1941 278 1979 a
299 1917 376 1980 lulio
397 1919 435 1979 ad
456 1920 672 2000 Septembrem.
693 1919 845 1981 Perennis.
909 1931 911 1941 '

101 2018 241 2078 formu.=
258 2016 353 2079 llndix
373 2019 509 2101 pollicem
531 2030 561 2078 et
582 2019 663 2099 quod
693 2021 819 2078 excurrit
847 2029 963 2096 erasse,⁴

57 2120 224 2199 elongata,
246 2141 372 2180 carnosa
382 2165 392 2198 ,
415 2117 500 2196 alba,
523 2118 645 2200 glabra,
666 2121 746 2200 rugis
761 2118 965 2180 transversali·

56 2217 136 2294 bus,
160 2217 380 2295 subannalntis,
403 2216 636 2277 remotiusenlis:
660 2215 767 2298 stipata
787 2237 907 2299 saepen
922 2218 965 2276 lu·

58 2329 125 2377 tere
148 2315 264 2377 nodulis
284 2315 475 2376 subrntnndis
490 2315 631 2389 remotis,
652 2316 793 2398 equibus
812 2316 964 2377 radiculae

58 2417 215 2496 prodeunt
236 2415 375 2477 librasse.
398 2416 609 2498 Parenehyma
632 2416 757 2490 album,
787 2437 964 2493 carnosum,

58 2516 208 2588 firmum,
230 2515 418 2577 transversim
441 2527 576 2592 sectum,
597 2514 730 2596 margine
751 2527 896 2577 monstrat
911 2537 964 2576 urs·

57 2618 169 2677 nulum
200 2631 354 2695 tenerum,
385 2620 469 2677 cuius
490 2630 625 2678 renuam
646 2629 699 2677 aut
719 2617 848 2677 medulla
871 2617 965 2699 'plena

57 2729 106 2775 est
130 2717 247 2796 punctis
269 2713 375 2795 spus-sis
397 2711 628 2796 splendentibus.

50 2866 55 2874 .
104 2816 254 2893 Propria.
278 2815 549 2896 Odor‘penetraus.
571 2815 667 2895 Sapor
688 2813 780 2890 aeris,
808 2810 961 2884 vellicans,

56 2910 375 2992 subamar·us,·slulcis.
391 2913 568 2973 Mandueata
582 2910 711 2993 linguam
728 2911 885 2992 laticesque
900 2912 961 2970 vel·
1059 2919 1060 2924 ’

55 3015 129 3075 licat
150 3024 182 3072 et
203 3011 357 3083 ealefacit,
380 3015 479 3071 tussim
495 3014 572 3088 etet,
592 3031 678 3072 nares
691 3009 804 3083 irritat,
826 3008 963 3070 lacrimas

54 3127 224 3197 provocata
256 3133 332 3193 quae
360 3111 497 3194 sequelae
526 3123 559 3172 ut
579 3123 695 3194 promte
728 3123 898 3188 naseuntur,
919 3108 962 3168 ita

55 3215 118 3274 eito
140 3222 333 3273 evanescunt.
