2408 4148
231 289 276 338 20
609 286 690 338 PARS
715 289 736 336 1.

271 401 379 461 Locus.
403 399 526 462 Habitat
546 403 575 460 in
596 400 736 476 Brasilia,
764 391 936 484 praeuertim
969 399 1006 458 ad
1030 379 1129 457 Mara·

228 500 308 560 nhiio
330 502 407 560 etin
432 498 557 560 Guiann.
581 499 683 560 Arbor.

268 603 395 661 Forma.
418 601 527 662 Resina
549 601 684 683 liquida,
705 601 743 662 acl
764 601 820 660 olei
841 599 954 679 instar,
977 611 1007 660 et
1022 601 1129 660 eoloris

124 746 127 752 ,
228 721 354 782 expers,
374 701 447 761 dum
463 723 499 762 ex
510 703 619 764 arbore
639 701 725 774 fluit,
746 701 798 763 aed
811 714 945 784 tempore
960 701 1126 784 spissescit‚

227 800 358 862 colorem
379 801 487 882 pallide
507 797 618 862 ssavum
639 802 775 883 acquirit.

268 900 421 982 Propriel.
443 902 532 962 Odor·
549 903 703 984 fragrans,
722 883 919 975 baisatnicus,
940 911 1049 983 gratus.
1072 901 1129 962 Sa-

227 991 386 1082 nonacris,
406 1000 591 1074 amaricans,
613 1006 798 1063 aromaticus.
817 1001 938 1061 Tritum
953 1023 1030 1083 aqua
1048 1002 1128 1061 hanc
1194 1053 1195 1056 ,

229 1100 377 1160 turbidam
399 1101 497 1162 reddit
518 1103 722 1183 lacteamque,
744 1103 796 1162 sed
819 1102 916 1183 paullo
936 1113 1003 1182 post
1024 1113 1128 1181 guttae

227 1217 345 1280 sparsae
356 1201 396 1260 ·in
417 1199 570 1282 superficie
581 1223 676 1282 aquae
689 1206 816 1277 uniunt,
837 1201 973 1281 hancque
988 1183 1127 1281 linquunt

225 1299 387 1386 limpidam.
410 1301 547 1383 Alioquin
569 1301 699 1382 iungitur
719 1323 795 1383 aqua
817 1322 874 1382 ope
896 1300 984 1360 vitelli
1007 1315 1060 1360 aut
1080 1303 1124 1360 ai·

226 1398 359 1460 huminis
378 1399 427 1460 nvi
441 1416 494 1462 aut
507 1399 689 1482 mucilaginir
704 1447 712 1474 ‚
733 1401 812 1461 unde
826 1399 995 1472 emulsionis
1010 1399 1125 1482 species

228 1497 367 1560 nascitur.
380 1501 509 1560 Solvitur
521 1500 553 1560 in
567 1501 637 1561 oleis
652 1499 937 1584 tumntsentiaffirs
958 1510 1022 1560 tum
1044 1500 1124 1578 fixis,

226 1601 256 1659 in
276 1599 321 1659 his
342 1620 414 1690 uero
434 1598 588 1660 difficilius.
611 1600 771 1680 lnnpintu
792 1599 850 1659 vini
871 1604 981 1680 pariter
1001 1600 1125 1661 omnino

227 1698 370 1777 tnivitur,
391 1684 707 1781 solutione'pellueida
729 1710 759 1760 et
778 1701 934 1781 fragrante.
993 1764 995 1770 ¹

121 1838 123 1846 ’
226 1855 445 1920 uunsauuru
466 1851 744 1921 raunvuuuu.
779 1859 924 1921 nummo
943 1862 1124 1942 pernoram.

105 1992 144 2034 ¹.
258 1955 576 2036 'Baisamum.1ir·bor.

305 2076 496 2156 Myrnxylon
513 2080 701 2157 peruiserum
723 2081 758 2140 L.

266 2189 373 2256 Maus.
395 2195 517 2256 Habitat
535 2194 566 2256 iu
587 2198 687 2276 Peru,
706 2196 830 2258 Bruuiiia
845 2210 882 2259 ·et
902 2199 1029 2260 Maxino.

265 2297 391 2356 Forma.
413 2296 583 2356 Balsamum
605 2301 701 2358 minus
715 2297 859 2378 liquidum
875 2320 964 2380 quarn
980 2301 1038 2360 mel
1050 2303 1124 2382 spia-

224 2415 311 2473 sum,
345 2396 446 2456 coiore
476 2395 638 2476 nigricante
668 2396 882 2474 subrutilant,
917 2421 1032 2482 opaco:
1068 2401 1122 2463 red

223 2492 359 2574 protinus
373 2506 407 2555 ut
421 2493 451 2555 in
467 2498 543 2555 vitro
557 2495 710 2576 panditur,
732 2497 910 2580 pellucidum
926 2499 1120 2582 rutilumque.

266 2594 414 2670 Proprict.
437 2595 523 2655 Odor
544 2596 676 2677 fragrans
688 2641 698 2674 ‚
721 2601 836 2674 suavis,
857 2597 1005 2659 Vanillam
1019 2619 1120 2659 aemu-

224 2693 303 2753 Ιειιιε.Ι
325 2693 423 2776 Sapor
450 2692 542 2764 acris,
579 2697 776 2768 aromaticus,
810 2695 1040 2758 subamaricans.
1074 2697 1121 2759 Ad

222 2790 374 2852 flammam
397 2791 491 2852 ardet.
513 2791 664 2874 Tempore
685 2793 716 2854 in
740 2793 836 2875 vasis,
858 2813 921 2876 quo
935 2795 1120 2874 continetur,

206 2889 316 2952 ·fundn
336 2889 462 2970 crystalli
482 2889 592 2950 salinae
613 2893 818 2965 efflorescunt,
853 2913 930 2974 quae
943 2881 1066 2954 'solutae
1086 2890 1119 2952 in

225 3009 302 3071 aqua
323 2987 446 3049 floribus
468 2989 598 3051 Benzo'e’s
618 2989 727 3050 similes
747 3002 825 3052 sunt.
860 2992 893 3051 ln
924 2991 1028 3073 spiritu
1059 2993 1119 3054 viui

224 3086 390 3149 rectificutn
409 3087 495 3148 facile
515 3089 658 3162 solvitur,
691 3090 802 3170 pariter
830 3090 861 3150 in
883 3081 954 3151 oleis
975 3095 1118 3153 essentia·

224 3187 317 3260 libus,
337 3208 524 3269 nequaquam
546 3185 577 3248 in
597 3187 658 3249 fixis
678 3186 784 3279 autjn
800 3189 894 3270 ndipe.
916 3189 949 3250 ln
969 3211 1046 3272 aqna
1066 3191 1119 3252 fri·

225 3283 293 3367 gida
313 3285 412 3346 subito
433 3285 575 3360 subsidit,
606 3284 739 3368 iungitur
767 3299 866 3348 tamen
898 3309 964 3348 curn
992 3311 1027 3350 ea
1058 3312 1117 3372 ope

225 3382 407 3464 mucilaginis
437 3385 492 3442 aut'
509 3381 599 3443 vitelli
620 3383 687 3444 ovia
717 3383 907 3446 nihilominus
939 3409 1016 3470 aqua
1046 3388 1116 3452 tritu

225 3503 293 3546 curn
314 3481 371 3544 hoc
391 3481 523 3544 balsamo
544 3480 597 3563 ipsi
618 3478 741 3544 odorem
763 3483 873 3546 adimit.
