2408 4148
216 246 218 252 ¹
270 283 419 334 aaronis
446 279 731 334 rnannscnnrrca
897 253 944 357 75

51 397 146 468 tibus,
162 393 272 456 eoloris
286 397 409 457 obscure
423 395 525 474 rubri,
545 391 766 476 subpellnoidis,
779 387 945 470 fragilibus:

48 517 109 578 qne
129 496 315 575 franguntur,
335 495 509 575 sublucidis,
530 493 652 559 maculis
673 505 726 556 ant
751 494 828 562 sniis
859 491 947 552 serni·

47 593 260 676 circularibus,
284 593 529 676 unguilornsibns.

88 697 241 776 Propriet.
263 695 349 755 Odor
369 708 414 757 est
433 695 585 777 fragransr
617 714 704 774 sapor
731 690 947 764 amarissimus,

46 798 138 868 acris,
161 793 408 855 suberomnticns.
431 794 610 854 Manducata
624 794 730 853 sensim
745 789 881 851 dentibus
895 790 948 849 sd·

46 895 167 955 haeret:
189 897 315 953 maxima
337 914 404 974 pars
424 895 452 952 in
467 891 558 953 soliva
571 891 696 952 solvitur
709 909 835 972 eamque
849 889 949 950 lacteo

46 994 151 1054 colore
173 991 286 1052 imbuit.
308 993 462 1051 Flammae
483 992 618 1065 admota,
643 988 740 1052 vivide
767 989 870 1063 ardet,
895 988 949 1048 sed

46 1114 158 1174 aegre,
178 1091 293 1152 fumans
314 1102 345 1150 et
365 1089 543 1166 scintillans,
564 1089 722 1172 superstite
752 1089 879 1150 carbone
905 1086 948 1147 ci·

45 1213 150 1252 nereo.
172 1191 291 1274 Digesta
312 1193 343 1250 in
356 1213 434 1272 aqua
446 1190 572 1266 fervida,
594 1190 718 1252 solvitur
732 1188 871 1272 penitus,
894 1188 948 1250 sed

45 1289 185 1374 protinus
208 1301 241 1350 nt
262 1289 438 1371 refrigescit,
465 1313 533 1373 pars
562 1295 690 1354 resinosa
713 1291 838 1374 fundum
865 1289 949 1371 petit.

47 1389 184 1451 Solvitur
205 1388 316 1471 pariter
336 1390 365 1450 in
387 1389 490 1472 spiritu
511 1390 594 1464 vini,
616 1390 743 1452 tinntnra
773 1390 949 1455 fluvido-rn-

46 1489 187 1550 binunda.
211 1490 269 1550 Nec
290 1487 320 1548 in
343 1491 413 1550 oleis
433 1488 497 1552 lixis
518 1491 642 1552 solvitur
658 1512 712 1552 nec
726 1489 756 1551 in
771 1479 948 1552 volatilibus.

49 1648 231 1709 ravanus.
253 1649 370 1710 Mara.
391 1648 497 1726 run,
518 1651 620 1712 sana.

128 1769 255 1850 Myrtus
276 1751 451 1831 communis¹
462 1775 497 1833 L.

88 1892 200 1950 toene
223 1890 342 1951 Habitat
362 1889 392 1952 in
413 1890 537 1972 Europa
557 1889 699 1964 australi,
724 1889 948 1966 innemoribus

46 1987 239 2069 Lusitaniae,
260 1988 366 2050 colitur
375 1987 406 2050 in
420 1989 523 2052 hortis.
539 1991 644 2052 Floret
656 2013 674 2050 a
683 1988 765 2052 Maio
779 1991 817 2052 ad
829 1989 946 2052 lulium.

33 2159 40 2168 ,
87 2090 219 2148 Forma.
248 2089 334 2150 Folia
366 2105 434 2152 sunt
468 2090 757 2167 ovatolaneeolutn,
779 2091 950 2172 'petiolata,

46 2200 152 2259 acuta,
172 2187 313 2270 utrinqne
335 2190 456 2270 glabra,
475 2189 647 2270 snbrugosa.
669 2191 782 2252 Baecae
797 2205 865 2252 sunt
879 2213 949 2253 ova·

47 2290 90 2350 les
101 2330 116 2362 ,-
135 2310 273 2350 arvorum
294 2291 388 2366 mole,
410 2289 590 2372 rugnlosae,
611 2287 828 2372 nigrescentes,
849 2292 949 2354 nurb't-

47 2389 163 2448 licatae.

86 2487 242 2567 Propi-iet.
263 2488 349 2548 Odor
378 2487 512 2550 loliorum
529 2487 686 2550 vsiccorum
706 2489 821 2554 debilis.
851 2492 949 2573 Sopor
1039 2523 1042 2528 ·

46 2584 252 2660 aromaticus,
270 2597 391 2666 genten:
412 2589 574 2653 recentium
594 2588 739 2682 ¹stypticus
761 2604 792 2650 et
816 2611 947 2656 amarus.
1034 2631 1036 2634 -

46 2683 136 2744 Odor
156 2687 321 2745 recentium
341 2699 443 2767 gratus
463 2695 494 2746 et
514 2687 657 2768 lregrans.
681 2689 768 2749 Odor
789 2691 948 2751 baccarum

45 2786 139 2843 etiam
159 2783 310 2866 fragrans,
331 2806 419 2868 sapor
437 2785 636 2865 aromaticus,
656 2787 759 2850 leviter
784 2789 947 2872 stypticns,

44 2883 152 2944 dulcia.
279 2893 283 2899 ’
334 2899 339 2914 “

42 3041 315 3106 NASTURTIUM
333 3044 591 3124 JAQUATICUM.
613 3051 753 3128 Agrib'es.
776 3048 876 3112 Herba
902 3070 947 3140 re·
1014 3101 1020 3105 .

82 3165 166 3206 cens.

125 3262 329 3340 &vmbriam
350 3263 538 3326 Nasturtinnr
560 3266 596 3326 L.

81 3384 197 3458 lorus.
228 3383 350 3445 Habitat
379 3384 410 3445 in
441 3385 570 3447 lontibus
600 3399 630 3448 et
659 3387 757 3449 rivulis
785 3387 945 3471 Europae,

41 3481 202 3544 Amerieae
216 3483 459 3564 'septentrionalis
480 3501 512 3547 et
532 3486 709 3550 Lusitaniae.
737 3489 842 3554 Floret
861 3489 943 3552 lllaiu

42 3596 73 3644 et
96 3585 195 3648 lunio.
215 3583 366 3647 Perennis.
