2408 4148
229 305 279 374 28
598 321 701 371 runs
727 323 749 370 1.

227 457 348 498 sensum
369 434 484 518 frigoris
505 435 645 498 excitans.
664 435 847 496 Manducata
867 432 1006 494 dentibus
1021 431 1136 493 adbee-

228 553 282 602 ret.
302 537 359 598 Est
379 539 454 598 adeo
475 537 616 616 volatilis,
638 549 672 598 ut
692 535 753 597 aeri
781 537 912 617 exposita
943 534 1043 595 avolet
1063 553 1135 592 om·

228 641 358 718 asinoque
380 648 545 699 evanescat.
568 635 712 697 Celeriter
734 637 920 708 exardescit,
946 631 1137 694 comburitur

229 737 351 798 flamma
372 738 455 819 alba,
478 739 589 813 vivida,
610 737 719 798 relictis
742 753 797 795 nec
818 735 947 796 carbone
968 753 1024 800 aec
1050 735 1137 792 cine·

228 859 271 900 re.
293 839 534 918 Haudquaquam
553 835 584 896 ia
607 857 684 918 aqua
700 835 832 907 solvitur,
853 834 903 895 s'ed
918 831 988 892 huic
1001 830 1133 891 odorem

230 957 318 998 suum
340 939 489 1018 impertit,
510 935 697 996 comburitur
715 934 806 996 etiam
826 933 858 995 in
879 929 1037 1015 superficie
1058 931 1136 1010 ejus.

229 1037 371 1099 Protinus
393 1035 519 1098 solvitur
546 1034 577 1097 iu
603 1034 707 1118 spiritu
737 1033 815 1110 vini,
838 1033 949 1116 pariter
979 1035 1008 1092 ia
1040 1028 1136 1090 acidis

231 1135 442 1210 concontrario,
464 1135 713 1216 equibustanten
729 1155 785 1216 ope
796 1135 890 1215 aquae
905 1135 1029 1208 iterum,
1052 1130 1136 1190 baud

231 1249 362 1314 mutata,
382 1235 500 1297 secedit.
518 1227 654 1296 'solatur
674 1236 802 1315 denique
824 1237 853 1293 in
869 1235 938 1294 oleis
953 1232 1018 1292 fixis
1032 1244 1063 1290 et
1074 1249 1133 1290 uo·

233 1336 382 1408 latilibus3
404 1338 562 1396 adiuvante
583 1336 695 1396 calore:
718 1355 753 1395 ex
774 1333 820 1394 his
836 1344 1000 1414 separatur,
1023 1331 1069 1389 vix
1086 1349 1136 1388 re·

232 1433 405 1516 lligescens,
425 1436 586 1516 gradatim,
607 1433 704 1516 specie
725 1433 934 1515 crystallorum
947 1444 999 1491 aut
1013 1430 1135 1490 filorum

235 1534 519 1608 subtilissimorum,
548 1554 626 1616 quae
656 1535 802 1594 hacteuus
822 1524 964 1614 dispositu
992 1547 1078 1606 sunt,
1100 1539 1136 1590 ut

234 1632 366 1716 plumam
387 1633 525 1694 referant.

172 1804 177 1812 ’
238 1783 532 1853 CANTH'aIuDEs.
556 1789 770 1854 Gaasliaridas.
793 1789 950 1852 lnscctum.

316 1915 420 1990 Meloe
435 1916 626 1974 eeslcatorius
646 1914 680 1972 L.
691 1993 693 1997 ,
705 1913 796 1990 Lycto
817 1913 999 1972 vesicam-ia
1020 1911 1112 1972 Febr.

279 2030 384 2088 Lucas.
413 2028 534 2089 Habitat
560 2032 590 2087 in
610 2026 763 2106 Frusinis,
787 2025 960 2107 sambucis,
986 2025 1136 2108 Ligustris

237 2139 268 2189 et
289 2128 453 2209 Caprifoliis
475 2127 566 2188 totius
587 2125 737 2208 Europae.

240 2223 243 2230 ’
277 2229 405 2288 Forma.
428 2229 578 2287 Insertum
599 2227 836 2308 quadrialatum,
857 2228 942 2306 cujus
963 2227 1027 2287 alae
1049 2247 1136 2309 supe-

240 2326 333 2387 riores
348 2327 440 2386 durae
456 2338 524 2386 sunt
535 2371 544 2406 ,
557 2324 770 2401 viridissimae,
792 2325 982 2408 splendidae,
998 2337 1137 2403 auratae,

238 2424 347 2485 flexiles
368 2435 398 2484 et
419 2424 553 2497 striatae,
571 2423 723 2484 inferiores
749 2424 893 2484 cinereae.
927 2427 1043 2505 Corpus
1074 2425 1139 2485 lon·

240 2523 428 2606 giusculum,
450 2523 558 2600 viride,
580 2525 800 2600 coercionem,
820 2538 965 2584 antennae
983 2523 1096 2603 nigrae.

280 2625 432 2706 Propi-iet.
454 2625 541 2684 Odor
560 2623 728 2704 peculiaris,
749 2639 922 2684 naoscosus.
946 2626 1043 2705 Sapor
1070 2625 1140 2684 satis

244 2743 331 2784 acris.

243 2881 538 2943 caanauoruuu
559 2881 699 2966 irruas
713 2837 917 2942 carcasum
933 2902 1044 2943 nam.
1058 2881 1138 2942 rru-

218 2995 221 3002 “
286 2995 361 3040 ClllS.

325 3103 491 3158 Amomum
516 3096 750 3160 Cardanromum
772 3100 807 3160 L.

284 3215 393 3276 locus.
415 3215 538 3276 Habitat
559 3220 586 3275 iu
607 3215 680 3276 locis
700 3215 830 3277 humidis
851 3214 951 3276 indiae
973 3213 1138 3291 orientalis,

146 3319 150 3326 “
244 3316 371 3374 maxime
393 3313 422 3373 ia
444 3315 528 3374 lava.
551 3316 695 3376 Perenne.

286 3417 412 3474 Forma.
434 3415 567 3474 Fructus
589 3429 635 3474 est
656 3413 777 3494 capsula
798 3427 852 3474 aut
871 3413 1018 3474 folliculus
1052 3412 1138 3473 serti·

245 3511 347 3574 colitur
367 3515 501 3588 eunicus,
522 3513 740 3595 subnotandus,
760 3512 917 3574 dimidium
939 3511 1056 3574 circiter
1070 3511 1137 3596 pol·
