2408 4148
233 186 281 280 98
617 211 699 262 raas
726 215 747 260 r.

161 398 165 406 l
273 319 425 401 Propriae.
448 323 535 384 Odor
554 323 664 385 florum
685 337 731 386 est
751 325 902 405 fragrans,
928 322 1131 399 sabioetidus,

157 408 160 415 ¹
232 442 410 484 nauseosuss
425 424 583 486 baccarum
597 427 702 486 nullas.
716 427 812 508 Sapor
829 425 937 486 florum
951 425 1130 491 amaricans.

233 522 359 584 odorem
379 524 551 600 aemulans,
572 524 729 586 baccarum
752 523 1035 585 retinaculo-duleis.
1049 525 1134 584 lilan-

235 613 362 684 dircatae
383 621 505 686 salivam
527 625 620 686 rubro
639 625 738 696 colore
761 623 889 706 tingunt.

237 782 523 862 SANTONICUM‚
545 782 648 845 ClNA.
669 785 877 846 Alexandria.
899 782 1031 844 Semina.

316 903 480 986 Artemisio
505 901 619 964 Contra
640 913 671 962 et
691 903 815 964 ludaico
836 905 871 965 L.

277 1021 383 1082 Locus.
407 1018 530 1082 Habitat
560 1023 589 1080 in
619 1020 743 1103 imperio
773 1020 917 1104 Mogolis,
952 1019 1057 1081 Persia
1079 1032 1135 1080 etc.
1190 1073 1191 1080 ,

236 1117 360 1182 Frutex.

277 1221 408 1281 Forma.
440 1216 560 1281 Semina
588 1231 656 1281 sunt
680 1218 831 1301 oblonga,
862 1221 987 1301 exigua,
1015 1219 1137 1300 glabro,
1190 1273 1191 1284 ,

238 1317 304 1398 plus
325 1321 458 1386 minusve
478 1316 609 1398 ssavida,
640 1333 692 1380 aut
712 1318 924 1393 viridiuscula,
953 1318 1079 1380 iestnnis
1109 1332 1137 1381 et

239 1416 331 1498 paleis
352 1416 443 1498 ipsius
463 1420 581 1500 plantae
602 1421 702 1480 mixta.
730 1419 873 1500 Eligenda
895 1430 965 1479 sunt
985 1422 1138 1490 recentia,

239 1540 333 1600 pura,
353 1518 429 1578 bene
450 1521 580 1596 nutrita,
601 1518 692 1579 odore
713 1519 781 1579 sorti
803 1532 834 1579 et
855 1539 961 1599 sapore
982 1539 1099 1580 amaro.
1190 1555 1191 1606 ,

280 1619 431 1697 Propriet.
446 1619 530 1678 Odor
551 1632 596 1678 est
615 1617 763 1699 fragrans,
785 1617 884 1697 sonis,
906 1617 1138 1680 subnanseosus.

242 1707 339 1800 Sapor
358 1737 427 1778 cum
448 1718 541 1778 adore
555 1737 720 1797 congrum,
740 1716 939 1792 aromaticus,
961 1715 1138 1778 amaricans.

243 1875 479 1939 sipontini.
501 1877 688 1956 Soponario.
709 1875 824 1954 Radix,
844 1874 947 1937 herba.

258 2011 261 2020 ’
322 1995 501 2076 Sopoaorio
521 1995 687 2075 officinalis
708 1997 745 2060 L.

282 2116 394 2177 Locus.
415 2113 538 2176 Habitat
558 2115 596 2174 ad
616 2114 740 2187 fluvios,
761 2117 790 2174 in
804 2115 1008 2192 convallibus,
1031 2139 1138 2178 nemo·

242 2209 340 2284 ribus,
361 2210 434 2272 locis
454 2211 583 2272 humidis
605 2226 636 2271 et
655 2216 782 2272 arenosis
807 2212 997 2287 Lusitaniae,
1028 2215 1139 2298 Hispa·

241 2311 308 2371 niae
330 2323 386 2372 etc.
407 2312 510 2372 Floret
530 2332 584 2393 per
603 2323 697 2372 totam
720 2325 872 2372 aestatem.
896 2315 1050 2376 Perennis.

282 2415 408 2472 Formo.
439 2411 532 2472 Radix
552 2421 597 2471 est
617 2411 774 2492 elongata,
810 2422 909 2485 teres,
940 2434 1060 2494 pennae
1087 2427 1140 2476 ant

242 2510 327 2592 digiti
347 2508 461 2570 minimi
473 2511 619 2586 crassitie,
638 2509 769 2589 nodosa,
791 2531 919 2592 superne
933 2533 1074 2589 ramosa,
1096 2537 1142 2575 ra·

199 2671 201 2676 ,
242 2609 347 2672 diaulia
368 2609 553 2692 capillaribns
575 2611 706 2683 mnnita,
725 2607 836 2670 cortice
857 2611 1075 2689 crassinseuio,
1099 2637 1141 2676 se·

242 2727 349 2794 paratu
358 2710 447 2784 faoili,
469 2708 628 2770 subrubra.
642 2710 846 2790 Parsacbyma
860 2708 977 2789 albam,
999 2712 1142 2787 firmum,

240 2811 400 2884 fibrosum,
420 2808 549 2870 medulla
562 2818 652 2886 teres,
674 2807 784 2866 annulo
798 2808 898 2870 albida
912 2811 1020 2872 cincta.
1037 2813 1142 2874 Caulis

241 2909 354 2993 pedalis
367 2924 420 2970 ant
432 2905 595 2991 bipedalis,
616 2906 755 2988 simplex,
776 2907 828 2968 sed
841 2929 968 2990 superne
984 2933 1142 2986 ramosus,

241 3009 331 3072 ramis
344 3006 504 3092 oppositis,
518 3005 655 3080 nodosas,
670 3004 841 3066 internodiis
854 3005 1042 3071 inferioribus
1057 3035 1143 3074 eom·

241 3108 367 3191 pressis,
388 3105 586 3188 superioribus
606 3102 1142 3188 teretiuscnlo-quadrangnlis.Folia

189 3237 205 3250 ··
240 3232 258 3269 e
278 3206 365 3268 nodis
379 3202 497 3288 petiolis
510 3200 648 3264 brevibus
660 3201 852 3283 prodeuntia,
868 3206 1142 3274 ovato-lanceolata
1190 3257 1191 3260 ,

242 3320 330 3382 suot,
363 3320 471 3382 acuta,
500 3303 618 3387 glabra,
653 3301 810 3382 trinerria,
845 3303 926 3367 venis
955 3308 1143 3384 sublineata,

241 3407 372 3492 margine
393 3407 506 3468 scabra.
