2408 4148
231 229 279 337 io
498 219 503 224 .
614 264 697 314 aurs
723 267 746 314 r.

191 523 196 533 s
231 437 485 501 COLCHICUM.
511 437 661 502 Colchico.
682 439 779 502 Radix
800 451 916 502 recens.

316 560 487 622 colchicum
509 562 687 627 autumnale
708 563 743 622 L.

274 681 385 743 Locus.
406 683 529 744 Habitat
548 681 578 744 in
600 655 690 765 pratis
722 681 812 744 totius
843 681 996 763 Europae.
1027 679 1142 741 Floret

232 784 401 865 Septembri
422 795 453 844 et
475 783 612 844 Octobri.
633 785 785 844 Perennis.

273 884 401 944 Forma.
423 881 520 944 Radix
540 883 747 961 subnotanda,
767 882 913 959 bulbosn,
938 877 1007 940 bina
1026 878 1142 960 gibba,

233 980 312 1043 illinc
332 983 419 1065 pinna
442 997 495 1044 aut
515 982 749 1046 concaviuscula.
780 979 940 1064 Obtegitur
961 978 1062 1040 tunice
1085 1000 1143 1038 co·

233 1081 351 1160 ciacon,
372 1083 476 1159 fusca,
506 1105 651 1144 nervosa:
682 1084 757 1147 baec
774 1067 880 1144 ¹curtem
902 1082 1030 1165 cingitur
1049 1081 1142 1164 petti-

198 1175 201 1181 ’
234 1185 302 1246 cuia
322 1186 488 1262 teneriore,
510 1182 675 1243 flavicante.
697 1184 899 1266 Parrncbyma
921 1182 1141 1262 testantium,

236 1305 414 1356 carnosum,
436 1282 556 1356 album,
578 1282 785 1344 succulentnm
798 1309 805 1343 s
819 1284 886 1345 ,boo
908 1287 1001 1364 magis
1022 1281 1143 1363 insigne
1196 1339 1197 1344 ,

236 1397 283 1444 est
304 1397 449 1444 autumno
470 1406 559 1465 quam
582 1405 663 1444 vern.
687 1384 731 1444 Ad
752 1388 829 1446 latus
851 1385 981 1445 adnexus
1001 1395 1047 1446 est
1068 1385 1141 1444 bnt-

237 1484 294 1544 bus
315 1472 429 1558 minor,
451 1508 530 1547 anno
551 1489 685 1567 sequenti
707 1485 835 1560 florens,
856 1485 945 1569 priori
962 1486 1070 1550 sensim
1086 1487 1143 1548 de-

237 1594 362 1646 structo.
384 1583 417 1642 Si
438 1585 512 1645 sorte
533 1605 603 1645 vere
625 1586 731 1667 legitur
752 1588 852 1660 radix,
883 1585 964 1646 bulbi
986 1587 1068 1647 haud
1090 1609 1145 1648 su·
1196 1597 1197 1606 ’

237 1683 336 1748 mendi
359 1696 445 1762 sunt,
468 1687 517 1767 qui
539 1685 641 1771 elapso
662 1706 739 1744 anno
760 1685 937 1746 floruerunt.

281 1790 429 1870 Propriae.
453 1789 539 1848 Odor
559 1786 709 1861 foetidus,
731 1787 925 1849 subhircinus.
941 1788 1141 1871 seponens,
1196 1831 1197 1846 ι

240 1909 412 1950 nenseosus.
434 1889 615 1950 Manducate
637 1887 721 1953 radix
741 1888 859 1952 vellicat
880 1900 911 1950 et
932 1888 1067 1952 calefecit
1088 1890 1145 1952 tin-

239 2010 329 2070 guam
351 2009 386 2049 aa
407 1989 557 2072 palatums
579 1989 705 2050 dissecta
724 1989 806 2050 band
828 1986 981 2066 lactescit,
1002 1989 1055 2050 sed
1077 2011 1145 2051 sun·

240 2107 310 2148 curn
324 2087 422 2150 fundit
435 2089 649 2170 albescentem,
666 2089 763 2172 amylo
776 2091 907 2170 mistum,
923 2091 1019 2152 cultro
1033 2089 1146 2155 aditne-

240 2201 368 2252 rentem.

243 2347 549 2410 COLOCYNTtttS.
572 2349 812 2430 Coloqru‘midas.
834 2351 973 2414 Fructus.

327 2469 467 2530 Cummris
491 2469 684 2548 colocynthis
704 2473 739 2535 L.

284 2587 394 2666 Locus.
428 2589 548 2650 Habitat
577 2591 605 2648 in
630 2587 732 2650 insutis
754 2588 963 2671 Archipeiagi‚
997 2589 1027 2650 in
1048 2589 1144 2652 insuia

127 2732 129 2738 ,
246 2686 277 2746 S.
299 2688 468 2762 Michaie'iis,
491 2687 523 2750 in
544 2687 677 2748 Orientis
699 2687 771 2750 lonis
793 2687 957 2750 maritimis.
980 2688 1131 2752 Perennis.

285 2789 415 2848 Forma.
437 2788 569 2848 Fructus
601 2801 646 2848 est
676 2809 798 2868 pomum
828 2789 1058 2868 subglnbosurn,
1087 2811 1145 2870 pn·

245 2883 296 2966 gni
318 2885 415 2964 mole,
436 2884 594 2967 glabrum,
622 2883 868 2957 viridiuscuium,
898 2899 948 2946 aut
972 2887 1146 2948 albescenti·

245 2983 407 3056 fluvidum,
429 2967 500 3044 duni
522 2999 670 3044 moturum
693 2997 757 3045 est:
779 2985 849 3046 satis
870 2987 956 3052 lere.
976 2989 1085 3046 cortice
1104 3001 1145 3048 te·

246 3105 336 3160 nero,
370 3082 541 3144 duriusculo
572 3097 622 3146 aut
648 3088 801 3158 cananea,
838 3089 887 3166 qui
910 3086 1003 3146 ambit
1023 3087 1143 3168 puipam

177 3233 179 3238 ,
247 3187 437 3269 spongiosam
458 3186 565 3246 nibem.
598 3187 646 3248 Es
679 3185 790 3267 Aleppo
822 3201 922 3248 antam
949 3190 1068 3248 veniens
1089 3207 1142 3268 po·

246 3307 332 3354 mum
352 3300 397 3346 ast
418 3288 478 3346 sine
499 3289 628 3361 cortice,
647 3288 778 3357 siccum,
798 3287 1006 3368 spongiosum,
1028 3286 1142 3364 tribum,

247 3385 356 3460 motta,
377 3384 586 3456 chartaceum,
607 3384 637 3446 in
658 3407 707 3446 sex
727 3385 842 3448 locutos
862 3386 988 3449 divisum
1002 3401 1019 3458 ,·
1031 3389 1059 3446 in
1080 3383 1146 3469 qui-

248 3483 305 3544 bus
326 3482 498 3545 niduiantur
519 3483 630 3544 semina
652 3496 759 3562 ovata,
780 3485 908 3561 obtusa,
931 3483 1070 3565 utrinque
1087 3483 1145 3570 plu·
1196 3531 1197 3538 κ

255 3607 314 3668 tta,
337 3585 456 3670 glabre,
482 3584 659 3654 fluvitantia.
