2408 4148
278 285 431 336 urrann
455 284 741 336 rannutceunrcn
901 261 949 360 95

62 419 151 461 aerem
174 402 281 461 siceum
304 399 429 460 vertitur
448 403 477 460 in
499 401 622 460 laninam
645 400 765 473 albam,
795 400 833 460 ad
854 401 952 482 ignem

61 499 195 574 funditur,
216 511 285 581 post
305 500 498 580 refrigescens
517 502 577 560 coit
592 505 619 559 in
634 519 761 560 massam
779 497 950 580 informem,

60 598 182 681 denique
208 598 305 658 albam
336 598 552 682 fragilemque,
583 613 652 682 post
673 599 809 659 amissam
832 620 951 661 omnem

59 720 158 780 aquam
180 698 326 782 crystallis
346 698 494 760 idoneam.
520 701 587 782 Ope
609 699 743 760 alcalium
765 697 817 760 fixi
845 699 950 761 volati-

59 797 145 881 lisque
166 819 201 859 ae
222 821 318 882 aquae
338 797 425 860 castis
446 799 557 861 secedit
575 799 607 860 in
628 801 783 860 elementa.

59 955 123 1018 snt,
146 959 375 1022 COMlllUNlS.
402 961 459 1022 Sal
482 935 641 1022 caminum.
674 960 723 1020 Sal
750 965 855 1022 neuter
881 981 950 1042 per-

94 1060 198 1120 lectus.
691 1085 695 1092 ·

129 1181 237 1240 Maria
257 1182 379 1240 marina
399 1180 434 1240 L.

129 1277 239 1338 Attali
258 1279 401 1366 minerale
423 1279 619 1340 muriaticam
641 1277 758 1359 Bergm.

94 1397 200 1456 Locus.
221 1394 376 1480 lavenitur
395 1395 425 1457 in
447 1395 543 1475 mari,
565 1395 686 1456 lacubus
707 1394 807 1468 salsis,
834 1394 865 1455 in
887 1395 950 1458 lon·

59 1495 125 1556 tibus
146 1495 343 1577 quibusdam,
365 1499 474 1580 pariter
495 1511 527 1558 et
547 1500 661 1578 magnis
682 1493 785 1558 araneis
806 1499 834 1556 in
855 1508 952 1558 terrae

57 1593 252 1673 penetralibus
274 1599 419 1656 variarum
440 1599 613 1683 regianum,
635 1594 797 1678 poloniae,
831 1597 952 1678 Hungu-

58 1696 131 1776 rlae,
154 1695 295 1777 A'ngliae,
316 1696 478 1772 Brasiliae,
498 1696 631 1780 Angulae
653 1712 712 1758 etc.

91 1798 220 1867 Forma.
243 1798 293 1858 Sal
313 1797 481 1860 eommunis
502 1811 546 1862 eat
576 1799 619 1860 sal
648 1811 763 1860 neuter
781 1798 949 1881 perfectus,

56 1914 88 1954 ax
108 1897 193 1957 acido
215 1896 329 1956 marino
350 1911 381 1960 et
401 1898 483 1958 aleali
505 1895 640 1958 minerali
661 1891 864 1979 compositus,
883 1916 952 1978 cry-
981 1947 985 1954 .

57 1994 139 2057 stallis
162 1997 270 2056 obvius
290 1995 421 2076 cubicis,
442 2000 540 2058 variae
562 1997 663 2074 molis,
683 1995 835 2072 pandidit,
857 1995 952 2078 pellu-

57 2092 131 2154 cidis.
152 2093 273 2171 Quodsi
294 2097 322 2153 in
343 2093 489 2157 intestinis
511 2106 606 2156 terrae
621 2075 747 2155 oeeuin‘it
762 2093 858 2154 autin
870 2114 953 2153 mon·
1000 2107 1005 2114 '

57 2190 127 2253 tibus
136 2237 146 2273 ‚
169 2196 363 2273 salgemmae
376 2192 492 2273 dietus,
513 2206 559 2274 est
569 2194 616 2254 rel
630 2192 661 2254 in
672 2193 769 2255 fruatis
785 2194 951 2265 maioribus,

58 2293 118 2352 satis
139 2291 235 2370 duria,
256 2292 380 2374 glaciem
402 2293 614 2365 referentibus,
635 2307 689 2353 nut
708 2291 858 2374 crystallus
873 2289 953 2352 exhi·

57 2387 102 2450 bet
121 2391 261 2465 cubicae,
282 2392 428 2474 grandes,
448 2395 542 2455 elanus
564 2407 594 2454 et
615 2391 784 2475 pellucidae.

94 2492 240 2569 Propria.
263 2493 359 2574 Sapor
380 2508 425 2555 est
445 2493 551 2565 salsus,
574 2493 624 2553 sed
646 2506 759 2573 gratur.
786 2491 830 2551 Ad
852 2509 952 2549 nerem

57 2587 173 2648 attrahit
188 2588 364 2664 humorem,
384 2594 413 2650 in
436 2591 560 2652 humido
576 2589 734 2672 liquescit,
754 2588 913 2672 praecipue
928 2585 952 2646 ai

57 2682 77 2744 ir
96 2687 138 2746 sal
160 2686 273 2770 aliquid
293 2688 360 2752 salis
381 2693 483 2751 marini
505 2693 592 2752 terrei
613 2688 755 2751 continet.
778 2688 911 2748 Solvitur
921 2690 952 2746 in

58 2783 146 2846 tribus
177 2787 311 2869 partibus
340 2811 408 2850 cum
439 2788 561 2850 dimidia
590 2810 685 2870 aquae
706 2786 849 2869 frigidae,
870 2785 952 2844 haud
977 2851 985 2858 ,

57 2893 168 2946 tantum
190 2889 286 2969 poscit
306 2887 447 2949 fervidae.
470 2889 515 2947 Ad
537 2891 634 2969 ignem
656 2889 798 2967 crepitat,
819 2883 952 2944 funditur

57 3001 119 3044 cnm
140 2987 412 3069 candet‚-denique
433 2988 532 3048 avolat
544 2986 607 3047 eine
622 2986 835 3069 particularum
851 3005 951 3046 recea-

56 3100 100 3155 tn,
120 3105 220 3167 neque
241 3084 350 3147 amittit
369 3085 548 3168 quidquam,
569 3099 686 3168 praeter
700 3106 809 3166 aquam
825 3084 950 3166 crystal-

55 3181 86 3243 lu
105 3183 256 3247 idoneam.
288 3185 447 3248 Acidornm
478 3185 618 3247 vitriolici
647 3197 677 3246 et
708 3186 814 3246 nitrnsi
839 3205 896 3268 ope
918 3205 952 3246 ac

58 3281 136 3342 alcali
159 3283 331 3366 vegetabilis
351 3283 470 3356 caustiei
491 3283 631 3346 recedunt
652 3281 823 3364 particulae.
