<?xml version="1.0" encoding="UTF-8"?>
<!DOCTYPE html PUBLIC "-//W3C//DTD XHTML 1.0 Transitional//EN"
    "http://www.w3.org/TR/xhtml1/DTD/xhtml1-transitional.dtd">
<html xmlns="http://www.w3.org/1999/xhtml" xml:lang="en" lang="en">
 <head>
  <title>
</title>
<meta http-equiv="Content-Type" content="text/html;charset=utf-8" />
  <meta name='ocr-system' content='tesseract 3.04.00' />
  <meta name='ocr-capabilities' content='ocr_page ocr_carea ocr_par ocr_line ocrx_word'/>
</head>
<body>
  <div class='ocr_page' id='page_1' title='image "./pharmacopoealus00unkngoog_0031.png"; bbox 0 0 2408 4148; ppageno 0'>
   <div class='ocr_carea' id='block_1_1' title="bbox 247 285 759 361">
    <p class='ocr_par' dir='ltr' id='par_1_1' title="bbox 247 285 759 361">
     <span class='ocr_line' id='line_1_1' title="bbox 247 285 759 361; baseline -0.002 -9"><span class='ocrx_word' id='word_1_1' title='bbox 247 285 310 360; x_wconf 77' lang='lat'><strong>26.</strong></span> <span class='ocrx_word' id='word_1_2' title='bbox 629 303 710 361; x_wconf 72' lang='lat' dir='ltr'><strong>Pttts</strong></span> <span class='ocrx_word' id='word_1_3' title='bbox 738 303 759 352; x_wconf 89' lang='lat' dir='ltr'><strong>t.</strong></span> 
     </span>
    </p>
   </div>
   <div class='ocr_carea' id='block_1_2' title="bbox 246 443 1144 771">
    <p class='ocr_par' dir='ltr' id='par_1_2' title="bbox 246 443 1144 771">
     <span class='ocr_line' id='line_1_2' title="bbox 246 443 1144 546; baseline -0.012 0"><span class='ocrx_word' id='word_1_4' title='bbox 246 481 434 546; x_wconf 81' lang='lat' dir='ltr'><strong>canutus</strong></span> <span class='ocrx_word' id='word_1_5' title='bbox 456 443 733 542; x_wconf 73' lang='lat' dir='ltr'><strong>incusamus.</strong></span> <span class='ocrx_word' id='word_1_6' title='bbox 750 480 877 544; x_wconf 73' lang='lat' dir='ltr'><strong>cauma</strong></span> <span class='ocrx_word' id='word_1_7' title='bbox 891 477 1069 540; x_wconf 66' lang='lat' dir='ltr'><strong>aromatico.</strong></span> <span class='ocrx_word' id='word_1_8' title='bbox 1082 477 1144 537; x_wconf 69' lang='lat' dir='ltr'><strong>aa.</strong></span> 
     </span>
     <span class='ocr_line' id='line_1_3' title="bbox 284 584 343 644; baseline 0 0"><span class='ocrx_word' id='word_1_9' title='bbox 284 584 343 644; x_wconf 85' lang='lat' dir='ltr'><strong>dix.</strong></span> 
     </span>
     <span class='ocr_line' id='line_1_4' title="bbox 326 700 669 771; baseline 0.006 -9"><span class='ocrx_word' id='word_1_10' title='bbox 326 700 445 764; x_wconf 73' lang='lat' dir='ltr'><strong>Accaus</strong></span> <span class='ocrx_word' id='word_1_11' title='bbox 469 702 613 771; x_wconf 70' lang='lat' dir='ltr'><strong>Calamm</strong></span> <span class='ocrx_word' id='word_1_12' title='bbox 634 705 669 764; x_wconf 91' lang='lat' dir='ltr'><strong>L.</strong></span> 
     </span>
    </p>
   </div>
   <div class='ocr_carea' id='block_1_3' title="bbox 162 819 1147 3086">
    <p class='ocr_par' dir='ltr' id='par_1_3' title="bbox 245 819 1146 1005">
     <span class='ocr_line' id='line_1_5' title="bbox 287 819 1146 900; baseline -0.008 -17"><span class='ocrx_word' id='word_1_13' title='bbox 287 824 395 883; x_wconf 84' lang='lat' dir='ltr'><strong>Locus.</strong></span> <span class='ocrx_word' id='word_1_14' title='bbox 423 821 561 883; x_wconf 85' lang='lat' dir='ltr'><strong>Calamus</strong></span> <span class='ocrx_word' id='word_1_15' title='bbox 592 820 719 900; x_wconf 79' lang='lat' dir='ltr'><strong>vulgaria</strong></span> <span class='ocrx_word' id='word_1_16' title='bbox 749 819 864 882; x_wconf 87' lang='lat' dir='ltr'><strong>habitat</strong></span> <span class='ocrx_word' id='word_1_17' title='bbox 889 822 917 880; x_wconf 89' lang='lat' dir='ltr'><strong>in</strong></span> <span class='ocrx_word' id='word_1_18' title='bbox 939 820 1061 880; x_wconf 87' lang='lat' dir='ltr'><strong>lacubus</strong></span> <span class='ocrx_word' id='word_1_19' title='bbox 1082 833 1146 880; x_wconf 89' lang='lat' dir='ltr'><strong>sta·</strong></span> 
     </span>
     <span class='ocr_line' id='line_1_6' title="bbox 245 918 1144 1005; baseline -0.007 -23"><span class='ocrx_word' id='word_1_20' title='bbox 245 921 371 1005; x_wconf 76' lang='lat' dir='ltr'><strong>gnisquc</strong></span> <span class='ocrx_word' id='word_1_21' title='bbox 391 922 551 1004; x_wconf 67' lang='lat' dir='ltr'><strong>Europae,</strong></span> <span class='ocrx_word' id='word_1_22' title='bbox 577 920 715 982; x_wconf 86' lang='lat' dir='ltr'><strong>asiaticus</strong></span> <span class='ocrx_word' id='word_1_23' title='bbox 741 924 770 981; x_wconf 92' lang='lat' dir='ltr'><strong>in</strong></span> <span class='ocrx_word' id='word_1_24' title='bbox 791 921 863 981; x_wconf 90' lang='lat' dir='ltr'><strong>locis</strong></span> <span class='ocrx_word' id='word_1_25' title='bbox 883 918 1030 998; x_wconf 80' lang='lat' dir='ltr'><strong>humidis,</strong></span> <span class='ocrx_word' id='word_1_26' title='bbox 1051 921 1144 980; x_wconf 87' lang='lat' dir='ltr'><strong>etiam</strong></span> 
     </span>
    </p>

    <p class='ocr_par' dir='ltr' id='par_1_4' title="bbox 162 1002 1144 1202">
     <span class='ocr_line' id='line_1_7' title="bbox 162 1002 1144 1104; baseline -0.001 -24"><span class='ocrx_word' id='word_1_27' title='bbox 162 1002 172 1014; x_wconf 36' lang='lat'>³</span> <span class='ocrx_word' id='word_1_28' title='bbox 245 1023 279 1082; x_wconf 89' lang='lat' dir='ltr'><strong>in</strong></span> <span class='ocrx_word' id='word_1_29' title='bbox 297 1021 377 1082; x_wconf 88' lang='lat' dir='ltr'><strong>siccis</strong></span> <span class='ocrx_word' id='word_1_30' title='bbox 406 1017 531 1102; x_wconf 85' lang='lat' dir='ltr'><strong>altisque</strong></span> <span class='ocrx_word' id='word_1_31' title='bbox 556 1018 658 1080; x_wconf 84' lang='lat' dir='ltr'><strong>Indiae</strong></span> <span class='ocrx_word' id='word_1_32' title='bbox 680 1018 830 1104; x_wconf 81' lang='lat' dir='ltr'><strong>orientalis</strong></span> <span class='ocrx_word' id='word_1_33' title='bbox 851 1041 885 1080; x_wconf 89' lang='lat' dir='ltr'><strong>ac</strong></span> <span class='ocrx_word' id='word_1_34' title='bbox 906 1019 1067 1080; x_wconf 77' lang='lat' dir='ltr'><strong>Brasiliaec</strong></span> <span class='ocrx_word' id='word_1_35' title='bbox 1093 1016 1144 1079; x_wconf 86' lang='lat' dir='ltr'><strong>hic</strong></span> 
     </span>
     <span class='ocr_line' id='line_1_8' title="bbox 245 1102 809 1202; baseline 0.002 -22"><span class='ocrx_word' id='word_1_36' title='bbox 245 1121 354 1182; x_wconf 87' lang='lat' dir='ltr'><strong>colitur</strong></span> <span class='ocrx_word' id='word_1_37' title='bbox 372 1119 404 1180; x_wconf 89' lang='lat' dir='ltr'><strong>in</strong></span> <span class='ocrx_word' id='word_1_38' title='bbox 424 1121 556 1202; x_wconf 88' lang='lat' dir='ltr'><strong>Europa.</strong></span> <span class='ocrx_word' id='word_1_39' title='bbox 577 1121 730 1181; x_wconf 84' lang='lat' dir='ltr'><strong>Perennis.</strong></span> <span class='ocrx_word' id='word_1_40' title='bbox 804 1102 809 1110; x_wconf 29' lang='grc' dir='ltr'>Ι</span> 
     </span>
    </p>

    <p class='ocr_par' dir='ltr' id='par_1_5' title="bbox 246 1219 1147 2594">
     <span class='ocr_line' id='line_1_9' title="bbox 288 1219 1143 1303; baseline -0.005 -21"><span class='ocrx_word' id='word_1_41' title='bbox 288 1223 416 1283; x_wconf 84' lang='lat' dir='ltr'><strong>Forma.</strong></span> <span class='ocrx_word' id='word_1_42' title='bbox 437 1221 533 1282; x_wconf 83' lang='lat' dir='ltr'>Radix</span> <span class='ocrx_word' id='word_1_43' title='bbox 553 1241 654 1282; x_wconf 84' lang='lat' dir='ltr'><strong>recens</strong></span> <span class='ocrx_word' id='word_1_44' title='bbox 675 1231 719 1281; x_wconf 88' lang='lat' dir='ltr'><strong>est</strong></span> <span class='ocrx_word' id='word_1_45' title='bbox 739 1219 896 1303; x_wconf 84' lang='lat' dir='ltr'><strong>cylindrica</strong></span> <span class='ocrx_word' id='word_1_46' title='bbox 905 1265 917 1296; x_wconf 89' lang='lat'><em>‚</em></span> <span class='ocrx_word' id='word_1_47' title='bbox 938 1219 1143 1300; x_wconf 77' lang='lat' dir='ltr'><strong>subelongata,</strong></span> 
     </span>
     <span class='ocr_line' id='line_1_10' title="bbox 246 1319 1141 1400; baseline -0.004 -18"><span class='ocrx_word' id='word_1_48' title='bbox 246 1340 382 1393; x_wconf 82' lang='lat' dir='ltr'><strong>ramosa,</strong></span> <span class='ocrx_word' id='word_1_49' title='bbox 401 1319 524 1400; x_wconf 77' lang='lat' dir='ltr'>digitum</span> <span class='ocrx_word' id='word_1_50' title='bbox 545 1341 654 1394; x_wconf 85' lang='lat' dir='ltr'><strong>crassa,</strong></span> <span class='ocrx_word' id='word_1_51' title='bbox 675 1319 830 1384; x_wconf 87' lang='lat' dir='ltr'><strong>articulata</strong></span> <span class='ocrx_word' id='word_1_52' title='bbox 852 1335 906 1380; x_wconf 90' lang='lat' dir='ltr'><strong>aut</strong></span> <span class='ocrx_word' id='word_1_53' title='bbox 925 1320 1040 1381; x_wconf 85' lang='lat' dir='ltr'><strong>nodosa</strong></span> <span class='ocrx_word' id='word_1_54' title='bbox 1050 1364 1062 1395; x_wconf 89' lang='lat'><em>‚</em></span> <span class='ocrx_word' id='word_1_55' title='bbox 1084 1319 1141 1379; x_wconf 93' lang='lat' dir='ltr'><strong>ob·</strong></span> 
     </span>
     <span class='ocr_line' id='line_1_11' title="bbox 247 1418 1145 1501; baseline -0.001 -20"><span class='ocrx_word' id='word_1_56' title='bbox 247 1433 328 1481; x_wconf 82' lang='lat' dir='ltr'><strong>tecta</strong></span> <span class='ocrx_word' id='word_1_57' title='bbox 348 1419 459 1480; x_wconf 87' lang='lat' dir='ltr'><strong>cortice</strong></span> <span class='ocrx_word' id='word_1_58' title='bbox 489 1432 596 1501; x_wconf 87' lang='lat' dir='ltr'><strong>stupeo</strong></span> <span class='ocrx_word' id='word_1_59' title='bbox 627 1418 941 1501; x_wconf 79' lang='lat' dir='ltr'><strong>cinctaqucradiculis</strong></span> <span class='ocrx_word' id='word_1_60' title='bbox 962 1418 1145 1492; x_wconf 71' lang='lat' dir='ltr'><strong>innumeris,</strong></span> 
     </span>
     <span class='ocr_line' id='line_1_12' title="bbox 247 1517 1143 1602; baseline -0.002 -22"><span class='ocrx_word' id='word_1_61' title='bbox 247 1519 330 1580; x_wconf 86' lang='lat' dir='ltr'><strong>velut</strong></span> <span class='ocrx_word' id='word_1_62' title='bbox 347 1518 463 1579; x_wconf 84' lang='lat' dir='ltr'><strong>fibrillis</strong></span> <span class='ocrx_word' id='word_1_63' title='bbox 485 1518 573 1593; x_wconf 85' lang='lat' dir='ltr'><strong>albis,</strong></span> <span class='ocrx_word' id='word_1_64' title='bbox 593 1517 657 1580; x_wconf 90' lang='lat' dir='ltr'><strong>basi</strong></span> <span class='ocrx_word' id='word_1_65' title='bbox 676 1519 911 1602; x_wconf 69' lang='lat' dir='ltr'><strong>prodeuntibus,</strong></span> <span class='ocrx_word' id='word_1_66' title='bbox 933 1539 1011 1600; x_wconf 85' lang='lat' dir='ltr'><strong>quae</strong></span> <span class='ocrx_word' id='word_1_67' title='bbox 1030 1518 1143 1580; x_wconf 82' lang='lat' dir='ltr'><strong>iterum</strong></span> 
     </span>
     <span class='ocr_line' id='line_1_13' title="bbox 247 1617 1145 1703; baseline 0 -25"><span class='ocrx_word' id='word_1_68' title='bbox 247 1617 360 1678; x_wconf 80' lang='lat' dir='ltr'><strong>fibrillis</strong></span> <span class='ocrx_word' id='word_1_69' title='bbox 381 1617 443 1679; x_wconf 85' lang='lat' dir='ltr'><strong>aliis</strong></span> <span class='ocrx_word' id='word_1_70' title='bbox 465 1617 651 1701; x_wconf 88' lang='lat' dir='ltr'><strong>capillaribus</strong></span> <span class='ocrx_word' id='word_1_71' title='bbox 671 1623 837 1699; x_wconf 81' lang='lat' dir='ltr'><strong>cinguntur.</strong></span> <span class='ocrx_word' id='word_1_72' title='bbox 861 1618 1145 1703; x_wconf 76' lang='lat' dir='ltr'><strong>Parencbymacar·</strong></span> 
     </span>
     <span class='ocr_line' id='line_1_14' title="bbox 247 1715 1146 1796; baseline -0.001 -19"><span class='ocrx_word' id='word_1_73' title='bbox 247 1735 374 1788; x_wconf 84' lang='lat' dir='ltr'><strong>nasum,</strong></span> <span class='ocrx_word' id='word_1_74' title='bbox 399 1715 518 1792; x_wconf 89' lang='lat' dir='ltr'><strong>album,</strong></span> <span class='ocrx_word' id='word_1_75' title='bbox 550 1717 652 1796; x_wconf 91' lang='lat' dir='ltr'><strong>quod,</strong></span> <span class='ocrx_word' id='word_1_76' title='bbox 682 1715 869 1778; x_wconf 70' lang='lat' dir='ltr'><strong>transversim</strong></span> <span class='ocrx_word' id='word_1_77' title='bbox 891 1732 1025 1795; x_wconf 87' lang='lat' dir='ltr'><strong>sectum,</strong></span> <span class='ocrx_word' id='word_1_78' title='bbox 1045 1727 1146 1777; x_wconf 86' lang='lat' dir='ltr'><strong>totum</strong></span> 
     </span>
     <span class='ocr_line' id='line_1_15' title="bbox 247 1814 1145 1898; baseline 0.001 -24"><span class='ocrx_word' id='word_1_79' title='bbox 247 1815 429 1877; x_wconf 80' lang='lat' dir='ltr'><strong>foraminnlis</strong></span> <span class='ocrx_word' id='word_1_80' title='bbox 445 1814 614 1884; x_wconf 69' lang='lat' dir='ltr'><strong>,cribratam</strong></span> <span class='ocrx_word' id='word_1_81' title='bbox 633 1827 775 1898; x_wconf 72' lang='lat' dir='ltr'><strong>apparat,</strong></span> <span class='ocrx_word' id='word_1_82' title='bbox 795 1819 869 1877; x_wconf 84' lang='lat' dir='ltr'><strong>sicut</strong></span> <span class='ocrx_word' id='word_1_83' title='bbox 880 1826 910 1877; x_wconf 88' lang='lat' dir='ltr'><strong>et</strong></span> <span class='ocrx_word' id='word_1_84' title='bbox 925 1815 1057 1877; x_wconf 75' lang='lat' dir='ltr'><strong>medulla</strong></span> <span class='ocrx_word' id='word_1_85' title='bbox 1070 1835 1145 1876; x_wconf 85' lang='lat' dir='ltr'><strong>ova·</strong></span> 
     </span>
     <span class='ocr_line' id='line_1_16' title="bbox 248 1909 1145 1997; baseline 0 -25"><span class='ocrx_word' id='word_1_86' title='bbox 248 1909 306 1991; x_wconf 74' lang='lat' dir='ltr'><strong>lis,</strong></span> <span class='ocrx_word' id='word_1_87' title='bbox 326 1934 403 1994; x_wconf 88' lang='lat' dir='ltr'><strong>quae</strong></span> <span class='ocrx_word' id='word_1_88' title='bbox 423 1927 541 1994; x_wconf 86' lang='lat' dir='ltr'><strong>praeter</strong></span> <span class='ocrx_word' id='word_1_89' title='bbox 560 1915 734 1975; x_wconf 85' lang='lat' dir='ltr'><strong>foraminula</strong></span> <span class='ocrx_word' id='word_1_90' title='bbox 748 1913 890 1997; x_wconf 87' lang='lat' dir='ltr'><strong>punctula</strong></span> <span class='ocrx_word' id='word_1_91' title='bbox 905 1913 1070 1995; x_wconf 82' lang='lat' dir='ltr'><strong>prominula</strong></span> <span class='ocrx_word' id='word_1_92' title='bbox 1083 1913 1145 1973; x_wconf 82' lang='lat' dir='ltr'><strong>scr·</strong></span> 
     </span>
     <span class='ocr_line' id='line_1_17' title="bbox 249 2011 1147 2096; baseline 0.001 -23"><span class='ocrx_word' id='word_1_93' title='bbox 249 2015 369 2094; x_wconf 82' lang='lat' dir='ltr'><strong>ruginea</strong></span> <span class='ocrx_word' id='word_1_94' title='bbox 383 2013 484 2075; x_wconf 84' lang='lat' dir='ltr'><strong>habet.</strong></span> <span class='ocrx_word' id='word_1_95' title='bbox 498 2017 537 2074; x_wconf 81' lang='lat' dir='ltr'><strong>tt</strong></span> <span class='ocrx_word' id='word_1_96' title='bbox 557 2016 639 2076; x_wconf 81' lang='lat' dir='ltr'><strong>radix</strong></span> <span class='ocrx_word' id='word_1_97' title='bbox 659 2018 736 2076; x_wconf 87' lang='lat' dir='ltr'><strong>sicca</strong></span> <span class='ocrx_word' id='word_1_98' title='bbox 756 2023 856 2076; x_wconf 81' lang='lat' dir='ltr'><strong>exstat.</strong></span> <span class='ocrx_word' id='word_1_99' title='bbox 868 2012 899 2075; x_wconf 91' lang='lat' dir='ltr'><strong>in</strong></span> <span class='ocrx_word' id='word_1_100' title='bbox 918 2012 1017 2076; x_wconf 85' lang='lat' dir='ltr'><strong>frustis</strong></span> <span class='ocrx_word' id='word_1_101' title='bbox 1027 2011 1147 2096; x_wconf 80' lang='lat' dir='ltr'><strong>&#39;longiu-</strong></span> 
     </span>
     <span class='ocr_line' id='line_1_18' title="bbox 251 2112 1146 2197; baseline 0 -23"><span class='ocrx_word' id='word_1_102' title='bbox 251 2112 361 2195; x_wconf 83' lang='lat' dir='ltr'><strong>saulis,</strong></span> <span class='ocrx_word' id='word_1_103' title='bbox 383 2129 469 2175; x_wconf 86' lang='lat' dir='ltr'><strong>extus</strong></span> <span class='ocrx_word' id='word_1_104' title='bbox 500 2117 625 2197; x_wconf 87' lang='lat' dir='ltr'><strong>asperis,</strong></span> <span class='ocrx_word' id='word_1_105' title='bbox 652 2136 720 2175; x_wconf 87' lang='lat' dir='ltr'><strong>curn</strong></span> <span class='ocrx_word' id='word_1_106' title='bbox 742 2113 858 2197; x_wconf 87' lang='lat' dir='ltr'><strong>punctis</strong></span> <span class='ocrx_word' id='word_1_107' title='bbox 879 2112 1053 2196; x_wconf 78' lang='lat' dir='ltr'><strong>prominulis</strong></span> <span class='ocrx_word' id='word_1_108' title='bbox 1073 2135 1146 2197; x_wconf 78' lang='lat' dir='ltr'><strong>gry-</strong></span> 
     </span>
     <span class='ocr_line' id='line_1_19' title="bbox 251 2209 1146 2295; baseline 0.001 -24"><span class='ocrx_word' id='word_1_109' title='bbox 251 2211 307 2271; x_wconf 84' lang='lat' dir='ltr'><strong>seis</strong></span> <span class='ocrx_word' id='word_1_110' title='bbox 327 2223 380 2273; x_wconf 88' lang='lat' dir='ltr'><strong>aut</strong></span> <span class='ocrx_word' id='word_1_111' title='bbox 401 2211 529 2294; x_wconf 80' lang='lat' dir='ltr'><strong>pallidis,</strong></span> <span class='ocrx_word' id='word_1_112' title='bbox 550 2214 627 2273; x_wconf 86' lang='lat' dir='ltr'><strong>intus</strong></span> <span class='ocrx_word' id='word_1_113' title='bbox 648 2211 768 2291; x_wconf 79' lang='lat' dir='ltr'><strong>albidis,</strong></span> <span class='ocrx_word' id='word_1_114' title='bbox 795 2214 1046 2295; x_wconf 84' lang='lat' dir='ltr'><strong>parcnchymatae</strong></span> <span class='ocrx_word' id='word_1_115' title='bbox 1075 2209 1146 2272; x_wconf 78' lang='lat' dir='ltr'><strong>l’ari·</strong></span> 
     </span>
     <span class='ocr_line' id='line_1_20' title="bbox 250 2309 1145 2394; baseline -0.001 -23"><span class='ocrx_word' id='word_1_116' title='bbox 250 2331 346 2385; x_wconf 86' lang='lat' dir='ltr'><strong>noso,</strong></span> <span class='ocrx_word' id='word_1_117' title='bbox 361 2311 475 2388; x_wconf 84' lang='lat' dir='ltr'><strong>albida,</strong></span> <span class='ocrx_word' id='word_1_118' title='bbox 495 2311 602 2394; x_wconf 79' lang='lat' dir='ltr'><strong>fragili.</strong></span> <span class='ocrx_word' id='word_1_119' title='bbox 623 2312 719 2373; x_wconf 86' lang='lat' dir='ltr'><strong>Radix</strong></span> <span class='ocrx_word' id='word_1_120' title='bbox 738 2311 843 2374; x_wconf 88' lang='lat' dir='ltr'><strong>calami</strong></span> <span class='ocrx_word' id='word_1_121' title='bbox 858 2309 968 2372; x_wconf 77' lang='lat' dir='ltr'><strong>asiatici</strong></span> <span class='ocrx_word' id='word_1_122' title='bbox 982 2322 1028 2372; x_wconf 88' lang='lat' dir='ltr'><strong>est</strong></span> <span class='ocrx_word' id='word_1_123' title='bbox 1042 2310 1145 2393; x_wconf 83' lang='lat' dir='ltr'><strong>singu·</strong></span> 
     </span>
     <span class='ocr_line' id='line_1_21' title="bbox 251 2410 1144 2493; baseline 0.001 -22"><span class='ocrx_word' id='word_1_124' title='bbox 251 2410 335 2488; x_wconf 84' lang='lat' dir='ltr'><strong>laris,</strong></span> <span class='ocrx_word' id='word_1_125' title='bbox 355 2410 496 2490; x_wconf 88' lang='lat' dir='ltr'><strong>tenerior,</strong></span> <span class='ocrx_word' id='word_1_126' title='bbox 516 2411 628 2489; x_wconf 86' lang='lat' dir='ltr'><strong>durior,</strong></span> <span class='ocrx_word' id='word_1_127' title='bbox 649 2415 741 2493; x_wconf 78' lang='lat' dir='ltr'><strong>magis</strong></span> <span class='ocrx_word' id='word_1_128' title='bbox 761 2412 876 2472; x_wconf 85' lang='lat' dir='ltr'><strong>nodosa</strong></span> <span class='ocrx_word' id='word_1_129' title='bbox 883 2455 893 2484; x_wconf 90' lang='lat'>‚</span> <span class='ocrx_word' id='word_1_130' title='bbox 912 2411 1013 2473; x_wconf 87' lang='lat' dir='ltr'><strong>colore</strong></span> <span class='ocrx_word' id='word_1_131' title='bbox 1024 2411 1092 2472; x_wconf 82' lang='lat' dir='ltr'><strong>rulo</strong></span> <span class='ocrx_word' id='word_1_132' title='bbox 1114 2415 1144 2473; x_wconf 92' lang='lat' dir='ltr'><strong>in</strong></span> 
     </span>
     <span class='ocr_line' id='line_1_22' title="bbox 252 2509 1022 2594; baseline 0.001 -23"><span class='ocrx_word' id='word_1_133' title='bbox 252 2509 402 2572; x_wconf 86' lang='lat' dir='ltr'><strong>cinereum</strong></span> <span class='ocrx_word' id='word_1_134' title='bbox 423 2512 570 2584; x_wconf 87' lang='lat' dir='ltr'><strong>abeunte,</strong></span> <span class='ocrx_word' id='word_1_135' title='bbox 590 2515 669 2573; x_wconf 86' lang='lat' dir='ltr'><strong>intus</strong></span> <span class='ocrx_word' id='word_1_136' title='bbox 690 2510 835 2592; x_wconf 79' lang='lat' dir='ltr'><strong>albicans,</strong></span> <span class='ocrx_word' id='word_1_137' title='bbox 857 2515 1022 2594; x_wconf 79' lang='lat' dir='ltr'><strong>spongiosa.</strong></span> 
     </span>
    </p>

    <p class='ocr_par' dir='ltr' id='par_1_6' title="bbox 251 2608 1146 3086">
     <span class='ocr_line' id='line_1_23' title="bbox 293 2608 1144 2690; baseline 0.002 -22"><span class='ocrx_word' id='word_1_138' title='bbox 293 2608 443 2690; x_wconf 74' lang='lat' dir='ltr'><strong>Proprias.</strong></span> <span class='ocrx_word' id='word_1_139' title='bbox 464 2609 550 2670; x_wconf 90' lang='lat' dir='ltr'><strong>Odor</strong></span> <span class='ocrx_word' id='word_1_140' title='bbox 566 2609 708 2690; x_wconf 76' lang='lat' dir='ltr'><strong>fragrans.</strong></span> <span class='ocrx_word' id='word_1_141' title='bbox 729 2609 826 2690; x_wconf 86' lang='lat' dir='ltr'><strong>Sapor</strong></span> <span class='ocrx_word' id='word_1_142' title='bbox 846 2611 1041 2682; x_wconf 83' lang='lat' dir='ltr'><strong>aromaticus,</strong></span> <span class='ocrx_word' id='word_1_143' title='bbox 1062 2613 1144 2684; x_wconf 85' lang='lat' dir='ltr'><strong>acris,</strong></span> 
     </span>
     <span class='ocr_line' id='line_1_24' title="bbox 252 2704 1145 2789; baseline 0.002 -24"><span class='ocrx_word' id='word_1_144' title='bbox 252 2704 358 2768; x_wconf 87' lang='lat' dir='ltr'><strong>leviter</strong></span> <span class='ocrx_word' id='word_1_145' title='bbox 387 2727 515 2768; x_wconf 85' lang='lat' dir='ltr'><strong>amarus.</strong></span> <span class='ocrx_word' id='word_1_146' title='bbox 544 2708 632 2786; x_wconf 89' lang='lat' dir='ltr'><strong>Quac</strong></span> <span class='ocrx_word' id='word_1_147' title='bbox 658 2705 779 2788; x_wconf 85' lang='lat' dir='ltr'><strong>quidem</strong></span> <span class='ocrx_word' id='word_1_148' title='bbox 807 2707 961 2786; x_wconf 84' lang='lat' dir='ltr'><strong>qualitates</strong></span> <span class='ocrx_word' id='word_1_149' title='bbox 983 2704 1093 2789; x_wconf 86' lang='lat' dir='ltr'><strong>pariter</strong></span> <span class='ocrx_word' id='word_1_150' title='bbox 1114 2706 1145 2769; x_wconf 90' lang='lat' dir='ltr'><strong>in</strong></span> 
     </span>
     <span class='ocr_line' id='line_1_25' title="bbox 253 2802 1144 2882; baseline 0.001 -17"><span class='ocrx_word' id='word_1_151' title='bbox 253 2802 331 2866; x_wconf 88' lang='lat' dir='ltr'><strong>sicca</strong></span> <span class='ocrx_word' id='word_1_152' title='bbox 351 2803 430 2865; x_wconf 88' lang='lat' dir='ltr'><strong>acin</strong></span> <span class='ocrx_word' id='word_1_153' title='bbox 449 2805 561 2866; x_wconf 86' lang='lat' dir='ltr'><strong>recenti</strong></span> <span class='ocrx_word' id='word_1_154' title='bbox 580 2807 679 2867; x_wconf 85' lang='lat' dir='ltr'><strong>radica</strong></span> <span class='ocrx_word' id='word_1_155' title='bbox 700 2804 904 2882; x_wconf 81' lang='lat' dir='ltr'><strong>observantur,</strong></span> <span class='ocrx_word' id='word_1_156' title='bbox 925 2803 1022 2866; x_wconf 87' lang='lat' dir='ltr'><strong>acrior</strong></span> <span class='ocrx_word' id='word_1_157' title='bbox 1043 2819 1144 2866; x_wconf 84' lang='lat' dir='ltr'><strong>tamen</strong></span> 
     </span>
     <span class='ocr_line' id='line_1_26' title="bbox 251 2902 1146 2988; baseline 0.003 -25"><span class='ocrx_word' id='word_1_158' title='bbox 251 2917 298 2964; x_wconf 84' lang='lat' dir='ltr'><strong>est</strong></span> <span class='ocrx_word' id='word_1_159' title='bbox 311 2924 422 2965; x_wconf 81' lang='lat' dir='ltr'><strong>recens.</strong></span> <span class='ocrx_word' id='word_1_160' title='bbox 443 2905 539 2966; x_wconf 82' lang='lat' dir='ltr'><strong>lladix</strong></span> <span class='ocrx_word' id='word_1_161' title='bbox 558 2904 664 2967; x_wconf 87' lang='lat' dir='ltr'><strong>calami</strong></span> <span class='ocrx_word' id='word_1_162' title='bbox 679 2903 798 2967; x_wconf 72' lang='lat' dir='ltr'><strong>asiatici</strong></span> <span class='ocrx_word' id='word_1_163' title='bbox 810 2919 943 2988; x_wconf 82' lang='lat' dir='ltr'><strong>praestat</strong></span> <span class='ocrx_word' id='word_1_164' title='bbox 955 2902 1079 2966; x_wconf 86' lang='lat' dir='ltr'><strong>omnino</strong></span> <span class='ocrx_word' id='word_1_165' title='bbox 1091 2925 1146 2968; x_wconf 88' lang='lat' dir='ltr'><strong>cu·</strong></span> 
     </span>
     <span class='ocr_line' id='line_1_27' title="bbox 251 3017 701 3086; baseline 0 -21"><span class='ocrx_word' id='word_1_166' title='bbox 251 3024 371 3086; x_wconf 87' lang='lat' dir='ltr'><strong>ropaea.</strong></span> <span class='ocrx_word' id='word_1_167' title='bbox 699 3017 701 3024; x_wconf 82' lang='grc'>’</span> 
     </span>
    </p>
   </div>
   <div class='ocr_carea' id='block_1_4' title="bbox 255 3184 1145 3365">
    <p class='ocr_par' dir='ltr' id='par_1_7' title="bbox 255 3184 1145 3365">
     <span class='ocr_line' id='line_1_28' title="bbox 255 3184 1145 3270; baseline 0.004 -24"><span class='ocrx_word' id='word_1_168' title='bbox 255 3184 494 3248; x_wconf 77' lang='lat' dir='ltr'><strong>cava1VA.</strong></span> <span class='ocrx_word' id='word_1_169' title='bbox 517 3185 674 3268; x_wconf 72' lang='lat' dir='ltr'><strong>Calvina,</strong></span> <span class='ocrx_word' id='word_1_170' title='bbox 706 3207 746 3250; x_wconf 86' lang='lat' dir='ltr'><strong>ou</strong></span> <span class='ocrx_word' id='word_1_171' title='bbox 770 3190 907 3270; x_wconf 75' lang='lat' dir='ltr'><strong>Virgem.</strong></span> <span class='ocrx_word' id='word_1_172' title='bbox 935 3189 1022 3270; x_wconf 86' lang='lat' dir='ltr'><strong>Lapis</strong></span> <span class='ocrx_word' id='word_1_173' title='bbox 1048 3187 1145 3258; x_wconf 84' lang='lat' dir='ltr'><strong>calca-</strong></span> 
     </span>
     <span class='ocr_line' id='line_1_29' title="bbox 292 3298 705 3365; baseline 0.01 -21"><span class='ocrx_word' id='word_1_174' title='bbox 292 3305 359 3344; x_wconf 87' lang='lat' dir='ltr'><strong>raus</strong></span> <span class='ocrx_word' id='word_1_175' title='bbox 379 3304 470 3365; x_wconf 88' lang='lat' dir='ltr'><strong>purus</strong></span> <span class='ocrx_word' id='word_1_176' title='bbox 490 3305 592 3347; x_wconf 83' lang='lat' dir='ltr'><strong>recens</strong></span> <span class='ocrx_word' id='word_1_177' title='bbox 612 3298 705 3348; x_wconf 82' lang='lat' dir='ltr'><strong>ustus.</strong></span> 
     </span>
    </p>
   </div>
   <div class='ocr_carea' id='block_1_5' title="bbox 253 3402 1143 3567">
    <p class='ocr_par' dir='ltr' id='par_1_8' title="bbox 253 3402 1143 3567">
     <span class='ocr_line' id='line_1_30' title="bbox 292 3402 1143 3492; baseline 0.008 -28"><span class='ocrx_word' id='word_1_178' title='bbox 292 3404 401 3464; x_wconf 81' lang='lat' dir='ltr'><strong>Locus.</strong></span> <span class='ocrx_word' id='word_1_179' title='bbox 422 3402 575 3466; x_wconf 83' lang='lat' dir='ltr'><strong>Invenitur</strong></span> <span class='ocrx_word' id='word_1_180' title='bbox 595 3405 674 3469; x_wconf 87' lang='lat' dir='ltr'><strong>circa</strong></span> <span class='ocrx_word' id='word_1_181' title='bbox 694 3409 1004 3492; x_wconf 76' lang='lat' dir='ltr'><strong>montesignivomosa</strong></span> <span class='ocrx_word' id='word_1_182' title='bbox 1025 3409 1077 3472; x_wconf 89' lang='lat' dir='ltr'><strong>sed</strong></span> <span class='ocrx_word' id='word_1_183' title='bbox 1089 3411 1143 3471; x_wconf 86' lang='lat' dir='ltr'><strong>nsi·</strong></span> 
     </span>
     <span class='ocr_line' id='line_1_31' title="bbox 253 3503 605 3567; baseline 0.009 -3"><span class='ocrx_word' id='word_1_184' title='bbox 253 3513 334 3566; x_wconf 85' lang='lat' dir='ltr'><strong>tatus</strong></span> <span class='ocrx_word' id='word_1_185' title='bbox 354 3513 398 3566; x_wconf 84' lang='lat' dir='ltr'><strong>ast</strong></span> <span class='ocrx_word' id='word_1_186' title='bbox 419 3516 481 3567; x_wconf 84' lang='lat' dir='ltr'><strong>arte</strong></span> <span class='ocrx_word' id='word_1_187' title='bbox 501 3503 605 3567; x_wconf 82' lang='lat' dir='ltr'><strong>lactus.</strong></span> 
     </span>
    </p>
   </div>
   <div class='ocr_carea' id='block_1_6' title="bbox 0 0 1219 4148">
    <p class='ocr_par' dir='ltr' id='par_1_9' title="bbox 0 0 1219 4148">
     <span class='ocr_line' id='line_1_32' title="bbox 0 0 1219 4148; baseline 0 0"><span class='ocrx_word' id='word_1_188' title='bbox 0 0 1219 4148; x_wconf 95' lang='lat' dir='ltr'><strong> </strong></span> 
     </span>
    </p>
   </div>
  </div>
 </body>
</html>
