2408 4148
238 260 287 335 56
616 279 697 332 rans
724 283 746 328 r.

233 417 335 470 sama,
348 380 483 468 'resinam
505 386 762 474 gummi-cesinas,
782 391 944 464 tincturas,
972 357 1132 472 ipsumtiue

233 496 455 578 hydrargyrum.
477 495 632 556 Flammae
652 494 807 555 admotum
828 513 882 552 uec
910 489 1045 552 funditur
1075 511 1132 550 nac

230 595 329 656 ardet:
350 596 399 656 aed
422 606 540 676 turget,
560 593 714 677 panditur,
746 615 780 654 ac
810 591 841 652 iu
873 593 1033 653 carbonem
1066 613 1134 654 mu·

235 709 335 773 tatur,
356 694 408 776 qui
436 699 533 778 ignem
561 707 677 770 serrat,
708 694 838 776 denique
859 693 890 754 iu
920 690 1050 754 cinerem
1083 713 1134 753 re-

236 795 349 855 dactus.

238 953 372 1014 GUMMl
395 953 575 1016 GUTTAE.
596 956 685 1014 Rom.
709 952 955 1014 Gummi-resina.

319 1074 487 1154 Cambogia
511 1077 613 1136 Gutta.
633 1077 669 1136 L.

278 1195 387 1254 Locus.
411 1194 534 1255 Habitat
553 1194 585 1254 in
605 1194 769 1255 Melabaria
789 1206 820 1256 et
842 1195 983 1277 Ceylona.
1005 1197 1113 1256 Arbor.

277 1295 404 1354 Forma.
426 1294 482 1354 Est
501 1296 742 1375 gummi-resina,
762 1294 793 1354 iu
808 1294 874 1357 offis
896 1308 947 1357 aut
961 1293 1061 1356 frustis
1085 1317 1136 1356 ro·

237 1391 386 1470 tundatit,
407 1392 742 1468 fluvido-rutilantibus,
755 1394 952 1475 duriusculis,
967 1394 1136 1477 fragilibuse

237 1513 297 1573 qua
317 1494 470 1575 frangitur,
491 1491 606 1576 planis,
627 1495 729 1556 lucidis
748 1506 778 1557 et
799 1499 907 1577 opacis.

277 1593 426 1675 Proprier.
448 1596 568 1660 Nullum
589 1595 681 1656 babet
701 1597 834 1657 odor-em.
862 1597 959 1677 Sapor
979 1615 1138 1669 ramosus,

237 1689 323 1750 acris.
345 1692 378 1750 lu
400 1691 489 1752 saliva
510 1681 558 1752 vix
580 1691 712 1772 solvitur,
734 1715 825 1774 quam
844 1715 937 1754 aureo
956 1695 1042 1775 tingit
1056 1697 1140 1756 colo·

238 1812 279 1850 rc.
300 1793 446 1852 Dentibus
469 1791 552 1852 sacilc
574 1793 727 1874 frangitur,
749 1794 819 1853 dum
843 1793 1014 1854 manducari
1036 1795 1136 1876 pergi-

239 1906 296 1972 tur,
311 1892 445 1953 dentibus
460 1893 615 1968 adhaeret,
636 1893 809 1976 priusquam
822 1893 963 1954 solvatur.
978 1893 1139 1954 Flammae

155 2041 167 2052 ,
238 1991 391 2052 admotum
421 1992 506 2052 ardet
526 1991 622 2053 vivida
642 1992 762 2052 flamma
783 1991 978 2070 scintillante,
998 2011 1068 2052 cum
1095 1991 1141 2052 fu·

238 2093 345 2175 ligine,
365 2091 471 2154 relictis
491 2091 649 2154 cineribus.
672 2095 704 2152 ln
719 2113 795 2173 aqua
808 2095 889 2173 juxta
903 2113 938 2152 ac
953 2091 1069 2154 alcbole
1085 2112 1139 2175 pc·

239 2194 318 2254 nitur
330 2194 471 2254 solviturr
487 2197 612 2254 tinctura
628 2213 699 2254 vero
712 2205 759 2254 est
773 2214 877 2254 aurea:
899 2192 1009 2254 solutio
1022 2215 1138 2277 aquosa
1199 2253 1200 2258 ,

105 2305 109 2313 '
239 2289 346 2374 pallide
373 2289 450 2352 llarn
478 2290 615 2364 turbida,
645 2313 721 2374 quae
753 2307 787 2352 ut
809 2289 981 2372 peririguit,
1012 2296 1139 2354 resinam

239 2393 365 2454 multam
384 2393 514 2473 deponit.
536 2393 642 2454 Melius
663 2391 786 2452 solvitur
806 2391 836 2452 in
858 2391 959 2453 lixivio
979 2393 1064 2455 alcali
1086 2417 1141 2457 re·

240 2492 370 2575 gntabilis
384 2491 511 2573 frigidos
532 2513 567 2552 ea
581 2489 691 2554 solutio
703 2505 747 2554 est
762 2492 898 2568 saturior,
918 2515 1015 2574 neque
1027 2495 1140 2576 aliquid

240 2614 279 2654 ex
298 2615 333 2654 eu
354 2591 575 2674 praecipitatur.
593 2594 654 2652 Nec
674 2590 799 2674 solvitur
819 2590 849 2652 in
876 2592 946 2654 oleis
974 2592 1057 2668 lixis,
1082 2616 1140 2656 uec

241 2691 331 2752 ullam
347 2695 539 2752 mutationem
555 2710 623 2751 cum
638 2692 670 2750 iis
686 2689 812 2772 patitur,
829 2692 900 2751 oleis
915 2689 1069 2753 destillatia
1083 2690 1141 2753 im·

241 2796 329 2875 partit
344 2793 476 2854 colorem
490 2792 632 2865 rubrum,
652 2792 674 2850 ri
694 2811 762 2850 cum
785 2788 818 2851 iis
839 2789 989 2872 digeritur,
1004 2796 1141 2872 quamvis

241 2893 322 2954 baud
343 2893 461 2975 penitus
482 2892 624 2954 solvatur.

241 3051 406 3116 flEDEer
421 3043 690 3112 Tuuasss'ruts.
712 3053 795 3111 Hera
816 3063 962 3112 terrestre.
984 3049 1096 3114 Herba.

326 3170 491 3233 Glrclroma
510 3168 676 3230 laderaren
695 3171 731 3230 L.

284 3291 394 3352 Locus.
414 3285 536 3350 Habitat
555 3273 731 3350 in'vattiuus
753 3285 922 3350 Lusitaniae
947 3301 978 3349 et
998 3287 1142 3371 Europae
1195 3347 1196 3364 ,

245 3390 347 3454 omnis.
368 3390 474 3452 Floret
493 3390 532 3449 ab
550 3387 645 3469 Aprili
667 3387 734 3448 inde
754 3387 792 3448 ad
812 3387 944 3447 lunium.
966 3387 1120 3449 Perennis.

283 3492 411 3553 Forma.
433 3484 533 3552 Caulis
548 3498 593 3548 eat
607 3500 788 3569 tetragonus,
808 3498 943 3570 reptans,
962 3484 1141 3568 pubescens,
