2408 4148
283 265 435 316 meeum
459 264 746 318 ruttmcrurrct
907 243 954 318 55
980 325 984 332 ,
1025 285 1029 292 ·

99 380 251 461 Proprr'st.
278 382 364 442 Odor
392 382 540 464 fragrans,
566 383 647 442 sortis
675 381 787 463 gratior
807 381 954 444 Gelbsui:

57 503 148 564 sapor
176 481 345 554 sultdulcis,
369 503 503 556 emerus,
526 489 616 555 ocris,
643 503 816 546 ususeosus.
849 485 957 548 Colore

57 583 199 656 mollitur,
219 582 327 663 frigore
340 583 483 656 durescit,
503 581 663 665 trogileque
678 583 720 644 lit.
743 584 957 646 Mundurstum

56 682 202 760 mollitur,
223 681 362 744 dentibus
373 683 533 763 adhaeret,
554 687 680 744 maxime
701 705 755 765 ec,
778 705 854 766 qtme
868 685 900 746 io
914 686 958 748 ls-

56 781 158 844 crimis
179 781 276 857 veuit,
297 783 425 864 denique
446 782 476 842 in
492 783 582 844 selim
597 782 731 859 solvitur,
750 803 877 866 eumque
892 785 960 846 recl·

56 883 103 946 dit
122 883 258 943 lacteum.
281 884 366 962 Aqua
382 884 449 942 trite
464 880 589 946 vertitur
603 881 633 942 iu
647 881 794 968 liquorem
809 883 894 950 lactei
909 903 960 955 oo·

10 1049 13 1056 ,
57 983 151 1060 loris,
170 1003 189 1042 c
203 1002 265 1062 quo
279 983 372 1041 resins
388 978 514 1061 plurimo
528 979 651 1041 fundum
664 985 756 1064 petit,
778 980 959 1044 clarescente

58 1081 144 1165 quod
165 1089 347 1161 supernatat.
370 1076 502 1140 Solvitur
524 1081 625 1140 tritum
646 1100 715 1140 cum
736 1094 846 1158 aceto„
870 1078 939 1141 vino
949 1125 961 1154 ,

55 1178 217 1253 cerevisia,
238 1179 383 1261 tingitque
405 1178 539 1262 spiritum
561 1176 618 1239 vini
637 1179 739 1240 colone
759 1179 826 1240 tulo
856 1182 887 1240 ln
915 1181 959 1242 lu·

57 1294 141 1344 teum
162 1293 311 1360 vergente.
334 1281 366 1338 lo
388 1281 457 1340 oleis
478 1278 558 1340 houd
579 1279 714 1358 solvitur,
735 1282 788 1340 nisi
810 1279 960 1342 mollietur

59 1385 88 1443 in
108 1379 260 1442 dsutilloto
280 1392 332 1438 aut
352 1376 514 1454 essentiali,
536 1381 583 1438 rui
604 1377 722 1450 luteum
736 1381 864 1460 impertit
876 1378 963 1442 eolo·

57 1503 133 1542 rem.
156 1479 258 1539 Facile
278 1479 411 1538 stenditur
431 1492 485 1539 out
504 1475 637 1560 liquescit
659 1480 688 1538 iu
705 1499 773 1538 vase
787 1478 885 1540 ferree
899 1477 962 1561 igni

60 1584 222 1662 impositor
254 1577 394 1638 llttmmoe
428 1579 584 1638 admotum
614 1577 784 1638 accenditur
818 1579 962 1660 ardetque

61 1682 183 1744 flanona
203 1679 319 1754 vivida,
340 1677 406 1740 albo
426 1699 494 1738 cum
516 1678 599 1738 sumo
617 1690 647 1739 ct
668 1676 798 1760 fuligine.

60 1841 197 1904 cutim
222 1839 438 1900 rotumum.
463 1803 594 1898 comnia
614 1838 735 1900 aratra.
757 1803 888 1900 uum'mt.

144 1960 277 2022 Minima
299 1959 424 2021 nilotica
446 1959 481 2018 L.

103 2081 216 2140 Locus.
239 2076 361 2168 llsbitut
381 2080 410 2138 lu
431 2075 538 2142 Arabis
550 2121 561 2152 ,
582 2079 719 2159 Aegypto
740 2089 770 2138 et
796 2075 960 2159 Seorgelic.
1063 2107 1066 2112 ·

60 2179 234 2240 Arbustum.

101 2281 234 2340 Forma,
255 2275 378 2340 Gummi
399 2279 427 2336 in
448 2277 549 2342 frustis
569 2278 666 2335 rorice
687 2274 791 2350 molis,
811 2277 870 2357 jem
891 2276 962 2341 sub·

61 2379 217 2454 rotundis,
245 2378 306 2460 jom
337 2374 546 2457 longiusculis,
573 2374 677 2449 siccis,
708 2376 768 2436 ullis
790 2375 879 2451 albis,
900 2375 964 2438 eliis
1032 2387 1038 2394 ”

61 2477 197 2552 deividis,
226 2474 400 2558 diophauis,
427 2474 567 2559 hyulinis,
601 2475 651 2535 sed
674 2485 758 2534 extus
780 2473 962 2558 subingerit.

60 2578 193 2660 Eligitur
213 2576 333 2650 album,
355 2573 421 2643 vitri
436 2574 533 2658 specie
545 2565 742 2658 pellucidum,
764 2597 891 2658 purum,
912 2597 963 2658 pe·

61 2679 204 2764 tritusque
225 2675 256 2737 iu
277 2665 354 2757 eque
376 2674 512 2737 solubile.

105 2778 256 2858 Ptoprr'et.
277 2775 364 2836 Nullo
385 2776 494 2856 gaudet
508 2773 621 2846 odore,
642 2775 722 2834 nullo
737 2793 852 2856 sapore.
875 2773 962 2836 Mun·

61 2877 175 2938 ducato
195 2872 335 2935 duritiem
356 2873 484 2954 aliquem
505 2871 638 2954 protinus
659 2873 788 2934 osteudtt
808 2885 838 2934 et
852 2873 963 2955 frangi·

62 2979 133 3038 tuis
152 2972 225 3035 dein
245 2994 319 3050 vero
338 2971 479 3050 mollitur,
500 2972 638 3034 dentibus
660 2953 873 3045 adhaeretdtm
895 2972 963 3036 seli·

61 3096 119 3138 voe
142 3094 200 3156 ope
221 3075 249 3132 in
272 3093 390 3133 mucum
407 3074 539 3135 vertitur.
561 3073 682 3152 lneque
696 3075 811 3153 penitus
826 3071 961 3152 solvitur,

61 3173 213 3236 solutione
234 3173 412 3250 clarissima,
430 3168 572 3252 insipide,
593 3167 796 3251 mucilagineo.
817 3171 879 3231 Nec
900 3174 964 3253 spi·

61 3278 137 3335 ritus
158 3269 241 3351 vini,
271 3289 326 3330 nec
353 3268 418 3329 olea
440 3268 569 3330 solvunt.
598 3267 746 3350 Mucilago
774 3283 875 3330 tameo
901 3271 964 3352 ejus

60 3372 141 3456 potis
162 3382 209 3433 est
228 3389 351 3452 corporo
371 3388 438 3429 cum
461 3389 537 3450 uque
558 3370 696 3446 miscere,
722 3388 800 3450 quoe
831 3367 963 3449 alioquin

61 3474 94 3539 id
107 3469 291 3535 connubium
306 3481 471 3553 respuunt,
490 3467 630 3530 nimirum
644 3469 725 3550 oles,
742 3469 876 3552 adipem,
897 3467 962 3530 bel·
