2408 4148
285 271 438 322 uaccam
464 269 745 321 ratauicaurrct
885 267 951 344 ¹⁰7

55 383 213 470 mineralia
232 386 350 448 solvunt
370 399 507 448 stanuum
529 389 609 447 varia
630 386 677 458 vi,
696 405 752 467 pro
771 379 955 466 singulorum

55 485 167 544 indole.
190 485 315 546 liuidum
337 485 464 560 vitrici,
494 485 600 546 caloris
635 482 835 560 adminiculo,
869 483 955 543 solvit

54 587 105 662 id,
126 588 191 644 sine
212 586 348 658 ferveres
369 587 438 660 sed,
459 587 530 648 dum
545 586 687 656 solvitur,
708 587 817 667 spargit
832 605 954 668 vapores

54 683 263 756 suffocatum,
284 684 336 767 qui
354 707 414 766 gaz
434 690 600 767 sulfureum
623 689 738 746 sistunt.
763 682 888 744 Acidum
910 681 955 742 ui·
1042 713 1043 718 κ

54 797 174 845 trusum
195 783 285 846 solvit
304 784 335 846 id
357 797 439 848 tauta
459 790 488 848 vi
509 798 653 867 tantoque
674 786 806 856 servare,
837 795 870 844 ut
890 782 956 866 ipso
1016 768 1019 773 ¹

54 895 217 946 momento
237 886 388 946 metullum
407 885 622 968 praecipitetur
640 885 735 946 forma
750 882 838 945 calcis
857 884 956 958 albae,
1044 887 1045 890 ’

54 983 189 1044 evolutis
219 984 306 1045 simul
337 985 503 1064 vaporibus
517 984 622 1046 rubris.
658 985 780 1060 Aridum
810 987 955 1046 marinum

54 1084 150 1146 solvit
169 1085 285 1154 fervore
306 1099 336 1148 et
356 1086 450 1148 odore
464 1085 626 1146 admodum
640 1084 761 1147 lactido.
776 1087 861 1166 Aqua
875 1085 956 1164 regia

55 1200 111 1245 aut
131 1183 253 1244 acidum
279 1187 553 1245 nitroso-marinum
587 1183 677 1246 solvit
706 1183 737 1245 id
767 1186 957 1246 vehementer

56 1300 89 1346 ct
110 1286 210 1346 calore
231 1295 299 1346 orto
319 1283 461 1346 violento.
483 1288 610 1346 Acetum
631 1284 691 1345 vini
713 1296 743 1345 et
763 1283 848 1346 acida
869 1303 957 1366 vege·

55 1382 161 1444 rabitis
182 1403 303 1444 corrosa
323 1383 477 1466 superficie
497 1397 618 1445 vertunt
638 1382 669 1443 iu
690 1384 811 1444 calcem.
830 1383 958 1446 Nubitur

56 1481 185 1562 sulfuri,
219 1482 360 1565 facileque
390 1482 522 1563 iungitur
549 1481 686 1544 omnibus
707 1480 833 1544 metallis
853 1504 887 1542 ac
908 1504 957 1544 se·

57 1583 246 1657 mimetallis,
279 1604 408 1663 quorum
440 1582 634 1670 aptitudiuem
666 1585 720 1644 sub
742 1583 847 1644 malleo
868 1583 957 1664 paridi

58 1683 188 1762 minuit,
207 1682 338 1765 facitque
352 1684 413 1744 fere
428 1665 544 1756 omnia,
567 1685 724 1766 praecipue
737 1703 878 1765 cuprum,
899 1683 956 1750 dus·

2 1779 8 1794 ‘
58 1784 143 1845 riusa
164 1795 195 1845 ct
215 1782 307 1866 magis
327 1804 446 1845 sonora.

58 1944 244 2003 STORAX.
266 1943 447 2025 Estorcque.
469 1937 639 2005 Balsamum
660 1942 797 2006 solidum.

142 2064 263 2142 Styrax
282 2063 446 2142 officinalis
467 2065 502 2124 L.

98 2184 211 2242 Locus.
233 2165 357 2245 Habitat
377 2181 406 2244 in
428 2183 523 2243 Gallia
544 2185 732 2266 provinciali,
765 2183 795 2246 in
823 2185 905 2246 ltalia
926 2197 957 2246 et

58 2281 197 2346 Oriente.
221 2281 325 2342 Arbor.

99 2385 228 2442 Forma.
250 2383 419 2441 Balsamum
440 2380 470 2442 iu
492 2386 587 2464 granis
607 2379 660 2445 ¹a'ut
681 2383 806 2446 lacrimis
820 2382 955 2467 purissi-

58 2483 132 2552 mis,
155 2477 384 2560 subdiaphanis,
405 2479 508 2541 albidis
529 2495 582 2542 aut
602 2482 737 2564 pallidis,
758 2486 811 2565 pisi
833 2483 957 2543 minoris

60 2581 161 2657 mole,
183 2601 260 2660 quae
281 2583 381 2640 statim
401 2581 581 2657 funduntur,
602 2596 636 2643 ut
656 2585 750 2663 digitis
771 2594 958 2644 contractan-

57 2696 125 2740 tur:
148 2693 202 2739 aut
221 2678 252 2740 iu
271 2679 370 2740 frustis
390 2680 560 2762 glutinosis,
581 2681 665 2744 facile
679 2686 767 2757 lusis,
788 2704 865 2764 quae
886 2705 957 2765 par·

57 2781 166 2840 ticulas
181 2779 261 2840 albas
277 2783 441 2867 contiueat,
461 2780 596 2857 fluvidus,
619 2783 753 2862 alausas,
768 2783 957 2866 purissimas,

58 2882 158 2940 variae
180 2876 266 2939 molis
288 2890 318 2938 et
338 2879 467 2960 figurae:
499 2893 551 2942 aut
583 2884 710 2965 denique
735 2905 831 2944 mussa
852 2884 955 2957 fusca,

56 2978 244 3058 rubicunda,
267 2979 341 3050 levi,
361 2969 721 3061 digitis'commiuuendm
742 2997 772 3042 et
792 3003 860 3044 curu
876 3003 956 3042 com·

57 3076 199 3160 primitur
218 3067 250 3138 iu
271 3100 379 3140 massas
400 3079 586 3161 colligenda,
609 3103 686 3162 quae
701 3081 850 3164 particulis
865 3105 956 3164 squa-

57 3182 169 3250 mosis,
190 3176 295 3237 albidis
315 3177 432 3251 lucidis,
454 3200 488 3238 ac
509 3178 790 3262 festucisarencque
809 3185 956 3243 misectur.

56 3277 145 3337 Prior
167 3275 278 3358 specics
307 3288 352 3338 est
372 3279 490 3338 Stoma
520 3281 551 3339 in
581 3281 719 3342 lacrimis
749 3293 801 3342 cut
830 3285 957 3364 granis,

58 3397 140 3458 quae
162 3379 192 3437 in
214 3375 324 3439 muscis
341 3376 546 3439 tautummodo
568 3383 715 3460 occurrit,
736 3379 878 3443 carissimi
892 3405 957 3463 pre·

59 3477 120 3538 tiis
143 3478 272 3538 secriudu
295 3491 417 3538 vocatur
440 3479 595 3542 calainita
615 3492 670 3541 aut
693 3482 854 3563 Gadalita,
880 3504 956 3564 quae
1048 3489 1058 3505 ²
