2408 4148
232 242 282 314 80
617 265 698 313 anns
723 264 745 310 r.

232 393 382 452 ramosus,
403 373 491 434 ramis
513 375 674 456 oppositis,
696 371 888 435 tenerioribus
910 371 1016 446 caule,
1035 371 1125 434 altio·

112 465 113 468 ¹
232 472 335 541 nibus,
354 470 546 552 longioribus.
576 473 661 534 Folia
683 487 843 534 nascuntur
862 493 880 532 e
900 468 985 532 nodis
1003 463 1125 543 ¹caulis,

233 571 368 652 opposita
389 583 475 652 sunt,
496 585 600 652 orata,
621 572 781 654 petiolnta,
810 570 964 632 dimidium
982 572 1125 654 *pollicem

233 671 336 752 longa,
356 692 443 752 snpra
464 672 583 751 glabra,
612 673 715 732 subtus
746 671 954 754 pubescentia,
983 670 1127 752 utrinque

233 781 392 850 punctats,
420 770 610 852 margineque
635 769 742 831 cilinta.
764 772 790 830 F
793 771 869 831 lores
901 775 970 830 sunt
990 768 1129 851 dispositi

232 871 262 928 in
282 873 364 950 spicis
385 870 591 942 subsolanus,
611 871 668 932 hae
688 873 805 930 veroin
827 867 966 951 paniculis
987 873 1129 952 approxi-

233 973 336 1048 matis,
356 968 482 1030 bracteis
497 973 590 1034 oratis
604 970 792 1030 acutiuscnlis
804 1015 813 1050 ,
827 972 977 1048 canentis,
990 969 1129 1052 calycem

234 1068 438 1150 aequantibus.
965 1107 970 1114 ·

273 1161 439 1252 Proprias..
455 1170 541 1231 Odor
572 1170 720 1252 fragrans,
750 1169 853 1248 sortis,
885 1181 996 1252 gratus.
1029 1167 1129 1252 Sapor

233 1267 325 1342 acris,
345 1268 536 1330 aromaticus.

234 1469 364 1532 OVUM.
388 1469 462 1530 Ova.
485 1468 585 1532 Ovuns
607 1468 812 1552 gallinaceum.

234 1607 421 1720 naritvsn
442 1625 587 1688 sentin.
609 1629 831 1690 aormrasas.
854 1629 968 1712 capte.
993 1632 1118 1714 opium.

315 1749 461 1830 Papauer
478 1751 669 1826 soumisernm
691 1751 725 1810 L.

276 1869 382 1929 Mens.
415 1870 447 1928 ln
468 1868 538 1949 loeis
568 1867 751 1950 rupestribus
778 1869 916 1951 Europae
937 1849 1075 1933 australis
1101 1884 1132 1934 et

234 1967 451 2052 campinione
471 1967 652 2042 inuidiosis,
673 1989 750 2048 quae
772 1989 841 2028 vera
855 1972 1047 2053 ipsinspatris
1062 1993 1130 2034 esse

234 2071 360 2134 uidetur.
382 2068 498 2130 Colitur
517 2071 546 2128 in
566 2065 728 2130 Lusitanis.
749 2069 852 2129 Floret
874 2068 958 2130 lunio
989 2084 1022 2132 et
1042 2073 1129 2132 lulio.

234 2171 349 2232 Annas.

277 2273 405 2332 Forma.
427 2267 532 2350 Capita
553 2282 606 2330 ant
624 2268 737 2330 berctus
763 2281 831 2330 sunt
859 2270 997 2352 mpssuae
1021 2272 1130 2352 globo·

235 2390 301 2441 see,
321 2370 458 2450 glabrae,
478 2368 619 2450 operculo
639 2369 753 2429 radiato
781 2379 960 2447 coronatae,
990 2371 1046 2430 sub
1069 2393 1131 2453 qno

235 2469 339 2530 decem
360 2469 502 2530 foramina
522 2471 550 2530 in
570 2467 713 2530 circinum
735 2467 879 2550 disposite
897 2480 982 2538 sunt.
1003 2474 1133 2550 quaein

235 2570 392 2630 caritatem
421 2566 610 2642 conducant,
639 2589 698 2647 ope
725 2567 934 2628 laminulnrurn
967 2571 996 2628 in
1024 2569 1130 2632 decens

235 2664 350 2727 loculos
369 2669 526 2748 partitam,
548 2664 651 2747 plenos
672 2663 834 2725 seminibus
859 2668 1040 2738 innumeris,
1061 2667 1132 2728 satis

237 2769 364 2846 exiguis,
386 2764 570 2848 subglobosis
581 2809 591 2839 ,
612 2762 785 2841 albissimis,
817 2774 870 2824 aut
898 2765 1130 2844 nigrescentibus

153 2879 156 2890 ’
237 2888 290 2928 seu
310 2866 585 2928 coerntescenttbus.
613 2864 719 2946 Capita
750 2867 878 2925 recentia
909 2862 1000 2924 incisa
1020 2865 1133 2928 stillam

119 2973 123 2986 “
237 2965 513 3047 opium.'Videntur
534 2985 570 3024 en
591 2985 658 3026 vox.

278 3067 427 3146 Proprias.
449 3063 535 3124 Orlor
555 3063 700 3135 foetidus,
721 3065 847 3123 maxime
859 3084 928 3122 cnm
944 3059 1049 3124 viridia
1063 3075 1130 3126 sunt

239 3175 270 3223 et
288 3161 438 3223 fricantur.
461 3162 556 3242 Sapor
582 3163 772 3234 subamarus,
804 3163 885 3222 soris.
915 3161 1044 3224 Succusa
1074 3163 1131 3222 lar·

238 3266 356 3346 ginatus
376 3262 504 3326 lacteam
526 3281 682 3334 amarunt,
702 3281 890 3322 nausearum.
