<?xml version="1.0" encoding="UTF-8"?>
<!DOCTYPE html PUBLIC "-//W3C//DTD XHTML 1.0 Transitional//EN"
    "http://www.w3.org/TR/xhtml1/DTD/xhtml1-transitional.dtd">
<html xmlns="http://www.w3.org/1999/xhtml" xml:lang="en" lang="en">
 <head>
  <title>
</title>
<meta http-equiv="Content-Type" content="text/html;charset=utf-8" />
  <meta name='ocr-system' content='tesseract 3.04.00' />
  <meta name='ocr-capabilities' content='ocr_page ocr_carea ocr_par ocr_line ocrx_word'/>
</head>
<body>
  <div class='ocr_page' id='page_1' title='image "./pharmacopoealus00unkngoog_0163.png"; bbox 0 0 2418 4146; ppageno 0'>
   <div class='ocr_carea' id='block_1_1' title="bbox 612 336 756 385">
    <p class='ocr_par' dir='ltr' id='par_1_1' title="bbox 612 336 756 385">
     <span class='ocr_line' id='line_1_1' title="bbox 612 336 756 385; baseline 0.014 -3"><span class='ocrx_word' id='word_1_1' title='bbox 612 336 693 385; x_wconf 72' lang='lat' dir='ltr'>PARS</span> <span class='ocrx_word' id='word_1_2' title='bbox 720 336 756 384; x_wconf 77' lang='grc' dir='ltr'>Π.</span> 
     </span>
    </p>
   </div>
   <div class='ocr_carea' id='block_1_2' title="bbox 444 545 920 609">
    <p class='ocr_par' dir='ltr' id='par_1_2' title="bbox 444 545 920 609">
     <span class='ocr_line' id='line_1_2' title="bbox 444 545 920 609; baseline 0 -1"><span class='ocrx_word' id='word_1_3' title='bbox 444 545 678 609; x_wconf 78' lang='lat' dir='ltr'>MERCURIUS</span> <span class='ocrx_word' id='word_1_4' title='bbox 700 547 920 609; x_wconf 74' lang='lat' dir='ltr'>ACETATUS</span> 
     </span>
    </p>
   </div>
   <div class='ocr_carea' id='block_1_3' title="bbox 463 689 898 752">
    <p class='ocr_par' dir='ltr' id='par_1_3' title="bbox 463 689 898 752">
     <span class='ocr_line' id='line_1_3' title="bbox 463 689 898 752; baseline 0.005 -2"><span class='ocrx_word' id='word_1_5' title='bbox 463 711 488 752; x_wconf 83' lang='lat' dir='ltr'>s.</span> <span class='ocrx_word' id='word_1_6' title='bbox 508 691 566 751; x_wconf 72' lang='lat' dir='ltr'>cul</span> <span class='ocrx_word' id='word_1_7' title='bbox 586 689 733 752; x_wconf 75' lang='lat' dir='ltr'><strong><em>Mercurii</em></strong></span> <span class='ocrx_word' id='word_1_8' title='bbox 752 705 898 752; x_wconf 70' lang='lat' dir='ltr'>cretosus.</span> 
     </span>
    </p>
   </div>
   <div class='ocr_carea' id='block_1_4' title="bbox 172 830 1133 2116">
    <p class='ocr_par' dir='ltr' id='par_1_4' title="bbox 231 830 853 931">
     <span class='ocr_line' id='line_1_4' title="bbox 231 830 853 931; baseline -0.003 -19"><span class='ocrx_word' id='word_1_9' title='bbox 231 830 272 931; x_wconf 72' lang='lat' dir='ltr'>ll).</span> <span class='ocrx_word' id='word_1_10' title='bbox 295 849 437 912; x_wconf 74' lang='lat' dir='ltr'>Mercurii</span> <span class='ocrx_word' id='word_1_11' title='bbox 458 849 596 931; x_wconf 81' lang='lat' dir='ltr'>depuroti</span> <span class='ocrx_word' id='word_1_12' title='bbox 616 850 720 912; x_wconf 83' lang='lat' dir='ltr'>librom</span> <span class='ocrx_word' id='word_1_13' title='bbox 741 871 853 931; x_wconf 75' lang='lat' dir='ltr'>unam,</span> 
     </span>
    </p>

    <p class='ocr_par' dir='ltr' id='par_1_5' title="bbox 294 950 822 1013">
     <span class='ocr_line' id='line_1_5' title="bbox 294 950 822 1013; baseline -0.006 -1"><span class='ocrx_word' id='word_1_14' title='bbox 294 951 377 1012; x_wconf 68' lang='lat' dir='ltr'>ccidi</span> <span class='ocrx_word' id='word_1_15' title='bbox 398 951 500 1013; x_wconf 80' lang='lat' dir='ltr'>nitrosi</span> <span class='ocrx_word' id='word_1_16' title='bbox 521 950 607 1012; x_wconf 89' lang='lat' dir='ltr'>diluti</span> <span class='ocrx_word' id='word_1_17' title='bbox 627 950 718 1011; x_wconf 68' lang='lat' dir='ltr'>libres</span> <span class='ocrx_word' id='word_1_18' title='bbox 739 951 822 1011; x_wconf 86' lang='lat' dir='ltr'>duas.</span> 
     </span>
    </p>

    <p class='ocr_par' dir='ltr' id='par_1_6' title="bbox 269 1049 1133 1434">
     <span class='ocr_line' id='line_1_6' title="bbox 310 1049 1133 1136; baseline 0.001 -25"><span class='ocrx_word' id='word_1_19' title='bbox 310 1053 471 1134; x_wconf 74' lang='lat' dir='ltr'>Digcrator</span> <span class='ocrx_word' id='word_1_20' title='bbox 492 1073 546 1136; x_wconf 74' lang='lat' dir='ltr'>per</span> <span class='ocrx_word' id='word_1_21' title='bbox 560 1052 796 1136; x_wconf 85' lang='lat' dir='ltr'>nychthemerou</span> <span class='ocrx_word' id='word_1_22' title='bbox 811 1051 932 1131; x_wconf 73' lang='lat' dir='ltr'>lagenae</span> <span class='ocrx_word' id='word_1_23' title='bbox 946 1049 1060 1112; x_wconf 70' lang='lat' dir='ltr'>vitreae</span> <span class='ocrx_word' id='word_1_24' title='bbox 1073 1051 1133 1112; x_wconf 88' lang='lat' dir='ltr'>im·</span> 
     </span>
     <span class='ocr_line' id='line_1_7' title="bbox 269 1149 1128 1234; baseline -0.001 -20"><span class='ocrx_word' id='word_1_25' title='bbox 269 1151 394 1214; x_wconf 84' lang='lat' dir='ltr'>missum</span> <span class='ocrx_word' id='word_1_26' title='bbox 414 1151 445 1212; x_wconf 88' lang='lat' dir='ltr'>in</span> <span class='ocrx_word' id='word_1_27' title='bbox 465 1153 572 1214; x_wconf 81' lang='lat' dir='ltr'>balneo</span> <span class='ocrx_word' id='word_1_28' title='bbox 592 1172 710 1212; x_wconf 74' lang='lat' dir='ltr'>arenae.</span> <span class='ocrx_word' id='word_1_29' title='bbox 733 1149 808 1211; x_wconf 80' lang='lat' dir='ltr'>calx</span> <span class='ocrx_word' id='word_1_30' title='bbox 828 1149 967 1212; x_wconf 83' lang='lat' dir='ltr'>mercurii</span> <span class='ocrx_word' id='word_1_31' title='bbox 981 1151 1128 1234; x_wconf 70' lang='lat' dir='ltr'>praecipi·</span> 
     </span>
     <span class='ocr_line' id='line_1_8' title="bbox 271 1250 1129 1334; baseline -0.002 -20"><span class='ocrx_word' id='word_1_32' title='bbox 271 1265 350 1314; x_wconf 87' lang='lat' dir='ltr'>tetur</span> <span class='ocrx_word' id='word_1_33' title='bbox 370 1275 427 1334; x_wconf 88' lang='lat' dir='ltr'>ope</span> <span class='ocrx_word' id='word_1_34' title='bbox 447 1251 538 1316; x_wconf 79' lang='lat' dir='ltr'>lixirii</span> <span class='ocrx_word' id='word_1_35' title='bbox 560 1250 643 1312; x_wconf 81' lang='lat' dir='ltr'>alceli</span> <span class='ocrx_word' id='word_1_36' title='bbox 663 1250 860 1333; x_wconf 76' lang='lat' dir='ltr'>vegetabilis,</span> <span class='ocrx_word' id='word_1_37' title='bbox 880 1266 1025 1333; x_wconf 87' lang='lat' dir='ltr'>quantum</span> <span class='ocrx_word' id='word_1_38' title='bbox 1047 1251 1129 1312; x_wconf 75' lang='lat' dir='ltr'>sulii-</span> 
     </span>
     <span class='ocr_line' id='line_1_9' title="bbox 269 1350 1128 1434; baseline -0.005 -20"><span class='ocrx_word' id='word_1_39' title='bbox 269 1352 318 1414; x_wconf 91' lang='lat' dir='ltr'>cit.</span> <span class='ocrx_word' id='word_1_40' title='bbox 347 1353 438 1431; x_wconf 90' lang='lat' dir='ltr'>Quod</span> <span class='ocrx_word' id='word_1_41' title='bbox 465 1351 590 1412; x_wconf 84' lang='lat' dir='ltr'>fundum</span> <span class='ocrx_word' id='word_1_42' title='bbox 620 1350 723 1434; x_wconf 81' lang='lat' dir='ltr'>petiit,</span> <span class='ocrx_word' id='word_1_43' title='bbox 755 1351 872 1411; x_wconf 82' lang='lat' dir='ltr'>levetur</span> <span class='ocrx_word' id='word_1_44' title='bbox 903 1372 982 1432; x_wconf 82' lang='lat' dir='ltr'>oque</span> <span class='ocrx_word' id='word_1_45' title='bbox 1011 1351 1128 1425; x_wconf 85' lang='lat' dir='ltr'>multa,</span> 
     </span>
    </p>

    <p class='ocr_par' dir='ltr' id='par_1_7' title="bbox 172 1443 1127 2116">
     <span class='ocr_line' id='line_1_10' title="bbox 235 1443 1004 1529; baseline -0.001 -17"><span class='ocrx_word' id='word_1_46' title='bbox 235 1443 237 1448; x_wconf 54' lang='grc'>’</span> <span class='ocrx_word' id='word_1_47' title='bbox 268 1454 393 1513; x_wconf 77' lang='lat' dir='ltr'>siccetur</span> <span class='ocrx_word' id='word_1_48' title='bbox 413 1453 451 1513; x_wconf 80' lang='lat' dir='ltr'>ed</span> <span class='ocrx_word' id='word_1_49' title='bbox 472 1451 602 1514; x_wconf 87' lang='lat' dir='ltr'>calorem</span> <span class='ocrx_word' id='word_1_50' title='bbox 624 1450 811 1512; x_wconf 82' lang='lat' dir='ltr'>mediocrem.</span> <span class='ocrx_word' id='word_1_51' title='bbox 833 1451 905 1529; x_wconf 90' lang='lat' dir='ltr'>Quo</span> <span class='ocrx_word' id='word_1_52' title='bbox 926 1451 1004 1512; x_wconf 82' lang='lat' dir='ltr'>iacto</span> 
     </span>
     <span class='ocr_line' id='line_1_11' title="bbox 172 1531 916 1633; baseline -0.005 -19"><span class='ocrx_word' id='word_1_53' title='bbox 172 1611 174 1614; x_wconf 86' lang='lat'>.</span> <span class='ocrx_word' id='word_1_54' title='bbox 229 1531 270 1633; x_wconf 70' lang='lat' dir='ltr'>ll).</span> <span class='ocrx_word' id='word_1_55' title='bbox 294 1552 391 1614; x_wconf 82' lang='lat' dir='ltr'>Calcis</span> <span class='ocrx_word' id='word_1_56' title='bbox 411 1553 499 1614; x_wconf 86' lang='lat' dir='ltr'>huius</span> <span class='ocrx_word' id='word_1_57' title='bbox 520 1554 658 1614; x_wconf 84' lang='lat' dir='ltr'>Mercurii</span> <span class='ocrx_word' id='word_1_58' title='bbox 678 1551 783 1612; x_wconf 84' lang='lat' dir='ltr'>librum</span> <span class='ocrx_word' id='word_1_59' title='bbox 805 1573 916 1626; x_wconf 79' lang='lat' dir='ltr'>uuam,</span> 
     </span>
     <span class='ocr_line' id='line_1_12' title="bbox 290 1650 1124 1735; baseline -0.004 -20"><span class='ocrx_word' id='word_1_60' title='bbox 290 1656 373 1715; x_wconf 70' lang='lat' dir='ltr'>loeti</span> <span class='ocrx_word' id='word_1_61' title='bbox 394 1653 452 1714; x_wconf 86' lang='lat' dir='ltr'>viui</span> <span class='ocrx_word' id='word_1_62' title='bbox 473 1667 618 1735; x_wconf 87' lang='lat' dir='ltr'>quantum</span> <span class='ocrx_word' id='word_1_63' title='bbox 639 1650 747 1712; x_wconf 83' lang='lat' dir='ltr'>sufficit</span> <span class='ocrx_word' id='word_1_64' title='bbox 761 1651 799 1711; x_wconf 84' lang='lat' dir='ltr'>ed</span> <span class='ocrx_word' id='word_1_65' title='bbox 815 1651 985 1712; x_wconf 82' lang='lat' dir='ltr'>solvendam</span> <span class='ocrx_word' id='word_1_66' title='bbox 999 1651 1124 1712; x_wconf 78' lang='lat' dir='ltr'>calcem.</span> 
     </span>
     <span class='ocr_line' id='line_1_13' title="bbox 310 1750 1120 1834; baseline -0.001 -21"><span class='ocrx_word' id='word_1_67' title='bbox 310 1753 425 1814; x_wconf 88' lang='lat' dir='ltr'>Solutio</span> <span class='ocrx_word' id='word_1_68' title='bbox 445 1756 475 1813; x_wconf 88' lang='lat' dir='ltr'>in</span> <span class='ocrx_word' id='word_1_69' title='bbox 497 1757 566 1813; x_wconf 73' lang='lat' dir='ltr'>vose</span> <span class='ocrx_word' id='word_1_70' title='bbox 588 1751 684 1812; x_wconf 82' lang='lat' dir='ltr'>vitreo</span> <span class='ocrx_word' id='word_1_71' title='bbox 697 1750 774 1812; x_wconf 84' lang='lat' dir='ltr'>fecta</span> <span class='ocrx_word' id='word_1_72' title='bbox 786 1751 903 1812; x_wconf 87' lang='lat' dir='ltr'>coletur</span> <span class='ocrx_word' id='word_1_73' title='bbox 918 1771 970 1834; x_wconf 85' lang='lat' dir='ltr'>per</span> <span class='ocrx_word' id='word_1_74' title='bbox 984 1753 1120 1812; x_wconf 76' lang='lat' dir='ltr'>chortem</span> 
     </span>
     <span class='ocr_line' id='line_1_14' title="bbox 267 1842 1122 1936; baseline -0.005 -21"><span class='ocrx_word' id='word_1_75' title='bbox 267 1842 484 1936; x_wconf 73' lang='lat' dir='ltr'>emporeticam.</span> <span class='ocrx_word' id='word_1_76' title='bbox 517 1855 723 1934; x_wconf 80' lang='lat' dir='ltr'>Evuporetur,</span> <span class='ocrx_word' id='word_1_77' title='bbox 744 1853 838 1913; x_wconf 85' lang='lat' dir='ltr'>donec</span> <span class='ocrx_word' id='word_1_78' title='bbox 872 1851 1005 1934; x_wconf 80' lang='lat' dir='ltr'>pellicula</span> <span class='ocrx_word' id='word_1_79' title='bbox 1027 1873 1122 1934; x_wconf 82' lang='lat' dir='ltr'>eppo·</span> 
     </span>
     <span class='ocr_line' id='line_1_15' title="bbox 267 1953 1127 2037; baseline -0.002 -23"><span class='ocrx_word' id='word_1_80' title='bbox 267 1965 348 2035; x_wconf 81' lang='lat' dir='ltr'>reat,</span> <span class='ocrx_word' id='word_1_81' title='bbox 380 1965 410 2016; x_wconf 90' lang='lat' dir='ltr'>et</span> <span class='ocrx_word' id='word_1_82' title='bbox 430 1953 557 2037; x_wconf 76' lang='lat' dir='ltr'>crystalli</span> <span class='ocrx_word' id='word_1_83' title='bbox 578 1967 783 2014; x_wconf 71' lang='lat' dir='ltr'>concrescente</span> <span class='ocrx_word' id='word_1_84' title='bbox 816 1973 893 2034; x_wconf 85' lang='lat' dir='ltr'>quoe</span> <span class='ocrx_word' id='word_1_85' title='bbox 912 1966 1069 2033; x_wconf 74' lang='lat' dir='ltr'>separatae</span> <span class='ocrx_word' id='word_1_86' title='bbox 1094 1963 1127 2012; x_wconf 88' lang='lat' dir='ltr'>et</span> 
     </span>
     <span class='ocr_line' id='line_1_16' title="bbox 267 2054 939 2116; baseline -0.003 -1"><span class='ocrx_word' id='word_1_87' title='bbox 267 2054 393 2116; x_wconf 85' lang='lat' dir='ltr'>siccatae</span> <span class='ocrx_word' id='word_1_88' title='bbox 412 2054 444 2116; x_wconf 86' lang='lat' dir='ltr'>io</span> <span class='ocrx_word' id='word_1_89' title='bbox 464 2075 532 2114; x_wconf 82' lang='lat' dir='ltr'>vase</span> <span class='ocrx_word' id='word_1_90' title='bbox 552 2055 654 2115; x_wconf 80' lang='lat' dir='ltr'>clauso</span> <span class='ocrx_word' id='word_1_91' title='bbox 674 2055 836 2115; x_wconf 71' lang='lat' dir='ltr'>servandae</span> <span class='ocrx_word' id='word_1_92' title='bbox 859 2064 939 2114; x_wconf 84' lang='lat' dir='ltr'>sunt.</span> 
     </span>
    </p>
   </div>
   <div class='ocr_carea' id='block_1_5' title="bbox 400 2168 927 2276">
    <p class='ocr_par' dir='ltr' id='par_1_8' title="bbox 400 2168 927 2276">
     <span class='ocr_line' id='line_1_17' title="bbox 400 2168 927 2276; baseline -0.004 -2"><span class='ocrx_word' id='word_1_93' title='bbox 400 2168 648 2275; x_wconf 75' lang='lat' dir='ltr'>¹Mercurius</span> <span class='ocrx_word' id='word_1_94' title='bbox 669 2212 927 2276; x_wconf 75' lang='lat' dir='ltr'>oerumros.</span> 
     </span>
    </p>
   </div>
   <div class='ocr_carea' id='block_1_6' title="bbox 264 2352 1119 2834">
    <p class='ocr_par' dir='ltr' id='par_1_9' title="bbox 264 2352 1119 2834">
     <span class='ocr_line' id='line_1_18' title="bbox 306 2352 1117 2434; baseline 0 -20"><span class='ocrx_word' id='word_1_95' title='bbox 306 2352 447 2416; x_wconf 87' lang='lat' dir='ltr'>Mercurii</span> <span class='ocrx_word' id='word_1_96' title='bbox 466 2363 610 2434; x_wconf 82' lang='lat' dir='ltr'>quantum</span> <span class='ocrx_word' id='word_1_97' title='bbox 631 2354 701 2414; x_wconf 89' lang='lat' dir='ltr'>libet</span> <span class='ocrx_word' id='word_1_98' title='bbox 721 2354 885 2416; x_wconf 72' lang='lat' dir='ltr'>collocetur</span> <span class='ocrx_word' id='word_1_99' title='bbox 911 2355 940 2412; x_wconf 86' lang='lat' dir='ltr'>in</span> <span class='ocrx_word' id='word_1_100' title='bbox 962 2353 1117 2414; x_wconf 78' lang='lat' dir='ltr'>cucurbita</span> 
     </span>
     <span class='ocr_line' id='line_1_19' title="bbox 265 2450 1118 2536; baseline -0.001 -24"><span class='ocrx_word' id='word_1_101' title='bbox 265 2455 358 2516; x_wconf 83' lang='lat' dir='ltr'>ferree</span> <span class='ocrx_word' id='word_1_102' title='bbox 378 2463 430 2514; x_wconf 85' lang='lat' dir='ltr'>eut</span> <span class='ocrx_word' id='word_1_103' title='bbox 450 2452 548 2533; x_wconf 83' lang='lat' dir='ltr'>fictili,</span> <span class='ocrx_word' id='word_1_104' title='bbox 571 2454 609 2513; x_wconf 83' lang='lat' dir='ltr'>od</span> <span class='ocrx_word' id='word_1_105' title='bbox 631 2468 763 2514; x_wconf 84' lang='lat' dir='ltr'>ventrem</span> <span class='ocrx_word' id='word_1_106' title='bbox 784 2473 881 2536; x_wconf 77' lang='lat' dir='ltr'>usque</span> <span class='ocrx_word' id='word_1_107' title='bbox 902 2451 1065 2535; x_wconf 84' lang='lat' dir='ltr'>operiendo</span> <span class='ocrx_word' id='word_1_108' title='bbox 1086 2450 1118 2511; x_wconf 88' lang='lat' dir='ltr'>in</span> 
     </span>
     <span class='ocr_line' id='line_1_20' title="bbox 264 2551 1119 2636; baseline -0.002 -22"><span class='ocrx_word' id='word_1_109' title='bbox 264 2554 370 2617; x_wconf 85' lang='lat' dir='ltr'>balneo</span> <span class='ocrx_word' id='word_1_110' title='bbox 391 2573 512 2632; x_wconf 80' lang='lat' dir='ltr'>ereoee,</span> <span class='ocrx_word' id='word_1_111' title='bbox 534 2568 632 2614; x_wconf 84' lang='lat' dir='ltr'>rostro</span> <span class='ocrx_word' id='word_1_112' title='bbox 653 2554 731 2613; x_wconf 85' lang='lat' dir='ltr'>ultre</span> <span class='ocrx_word' id='word_1_113' title='bbox 751 2551 905 2614; x_wconf 85' lang='lat' dir='ltr'>dimidiam</span> <span class='ocrx_word' id='word_1_114' title='bbox 926 2564 1041 2636; x_wconf 83' lang='lat' dir='ltr'>purtem</span> <span class='ocrx_word' id='word_1_115' title='bbox 1063 2551 1119 2612; x_wconf 84' lang='lat' dir='ltr'>im·</span> 
     </span>
     <span class='ocr_line' id='line_1_21' title="bbox 264 2651 1116 2736; baseline -0.002 -22"><span class='ocrx_word' id='word_1_116' title='bbox 264 2675 360 2715; x_wconf 83' lang='lat' dir='ltr'>merso</span> <span class='ocrx_word' id='word_1_117' title='bbox 379 2652 411 2715; x_wconf 87' lang='lat' dir='ltr'>in</span> <span class='ocrx_word' id='word_1_118' title='bbox 423 2653 593 2736; x_wconf 80' lang='lat' dir='ltr'>excipulum</span> <span class='ocrx_word' id='word_1_119' title='bbox 610 2673 687 2734; x_wconf 82' lang='lat' dir='ltr'>oque</span> <span class='ocrx_word' id='word_1_120' title='bbox 701 2653 830 2734; x_wconf 85' lang='lat' dir='ltr'>plenum.</span> <span class='ocrx_word' id='word_1_121' title='bbox 852 2651 1037 2732; x_wconf 78' lang='lat' dir='ltr'>Destilletur‚</span> <span class='ocrx_word' id='word_1_122' title='bbox 1060 2652 1116 2713; x_wconf 86' lang='lat' dir='ltr'>do-</span> 
     </span>
     <span class='ocr_line' id='line_1_22' title="bbox 266 2751 908 2834; baseline 0 -20"><span class='ocrx_word' id='word_1_123' title='bbox 266 2774 321 2814; x_wconf 85' lang='lat' dir='ltr'>nec</span> <span class='ocrx_word' id='word_1_124' title='bbox 341 2753 438 2814; x_wconf 84' lang='lat' dir='ltr'>nullus</span> <span class='ocrx_word' id='word_1_125' title='bbox 459 2751 624 2832; x_wconf 83' lang='lat' dir='ltr'>mercurius</span> <span class='ocrx_word' id='word_1_126' title='bbox 646 2753 773 2834; x_wconf 83' lang='lat' dir='ltr'>amplius</span> <span class='ocrx_word' id='word_1_127' title='bbox 794 2752 908 2814; x_wconf 85' lang='lat' dir='ltr'>exierit.</span> 
     </span>
    </p>
   </div>
   <div class='ocr_carea' id='block_1_7' title="bbox 465 2911 879 3158">
    <p class='ocr_par' dir='ltr' id='par_1_10' title="bbox 465 2911 879 3158">
     <span class='ocr_line' id='line_1_23' title="bbox 465 2911 879 2974; baseline -0.002 -1"><span class='ocrx_word' id='word_1_128' title='bbox 465 2911 699 2974; x_wconf 80' lang='lat' dir='ltr'>MERCURIUS</span> <span class='ocrx_word' id='word_1_129' title='bbox 720 2911 879 2973; x_wconf 88' lang='lat' dir='ltr'>DULClS.</span> 
     </span>
     <span class='ocr_line' id='line_1_24' title="bbox 536 3052 808 3158; baseline -0.007 -44"><span class='ocrx_word' id='word_1_130' title='bbox 536 3074 566 3158; x_wconf 59' lang='lat' dir='ltr'>u.</span> <span class='ocrx_word' id='word_1_131' title='bbox 592 3052 808 3114; x_wconf 76' lang='lat' dir='ltr'>Catometanos.</span> 
     </span>
    </p>
   </div>
   <div class='ocr_carea' id='block_1_8' title="bbox 442 3249 903 3314">
    <p class='ocr_par' dir='ltr' id='par_1_11' title="bbox 442 3249 903 3314">
     <span class='ocr_line' id='line_1_25' title="bbox 442 3249 903 3314; baseline -0.007 -2"><span class='ocrx_word' id='word_1_132' title='bbox 442 3250 674 3314; x_wconf 83' lang='lat' dir='ltr'>MERCURlUS</span> <span class='ocrx_word' id='word_1_133' title='bbox 693 3249 903 3312; x_wconf 71' lang='lat' dir='ltr'>ultumos</span> 
     </span>
    </p>
   </div>
   <div class='ocr_carea' id='block_1_9' title="bbox 362 3392 975 3454">
    <p class='ocr_par' dir='ltr' id='par_1_12' title="bbox 362 3392 975 3454">
     <span class='ocr_line' id='line_1_26' title="bbox 362 3392 975 3454; baseline -0.007 0"><span class='ocrx_word' id='word_1_134' title='bbox 362 3414 385 3454; x_wconf 79' lang='lat' dir='ltr'>s.</span> <span class='ocrx_word' id='word_1_135' title='bbox 409 3393 577 3454; x_wconf 72' lang='lat' dir='ltr'>Mercurius</span> <span class='ocrx_word' id='word_1_136' title='bbox 598 3393 773 3454; x_wconf 78' lang='lat' dir='ltr'>sublimatus</span> <span class='ocrx_word' id='word_1_137' title='bbox 793 3392 975 3454; x_wconf 73' lang='lat' dir='ltr'>corrosione.</span> 
     </span>
    </p>
   </div>
   <div class='ocr_carea' id='block_1_10' title="bbox 224 3527 599 3634">
    <p class='ocr_par' dir='ltr' id='par_1_13' title="bbox 224 3527 599 3634">
     <span class='ocr_line' id='line_1_27' title="bbox 224 3527 599 3634; baseline 0.005 -22"><span class='ocrx_word' id='word_1_138' title='bbox 224 3527 265 3630; x_wconf 70' lang='lat' dir='ltr'>ll).</span> <span class='ocrx_word' id='word_1_139' title='bbox 284 3552 421 3614; x_wconf 85' lang='lat' dir='ltr'>Mercurii</span> <span class='ocrx_word' id='word_1_140' title='bbox 441 3551 599 3634; x_wconf 72' lang='lat' dir='ltr'>depnrnd,</span> 
     </span>
    </p>
   </div>
   <div class='ocr_carea' id='block_1_11' title="bbox 0 0 1214 4146">
    <p class='ocr_par' dir='ltr' id='par_1_14' title="bbox 0 0 1214 4146">
     <span class='ocr_line' id='line_1_28' title="bbox 0 0 1214 4146; baseline 0 4"><span class='ocrx_word' id='word_1_141' title='bbox 0 0 1214 4146; x_wconf 95' lang='lat' dir='ltr'> </span> 
     </span>
    </p>
   </div>
  </div>
 </body>
</html>
