2408 4148
256 284 297 332 12
620 278 718 334 iretis
743 283 763 332 t.
849 326 852 334 .

248 455 426 522 ALUMEN.
448 455 550 520 Pcdra
569 458 668 520 lame.
686 457 741 520 Sal
754 472 868 532 neuter
887 469 1012 522 terreus.
1032 471 1035 478 ’
1103 488 1107 496 ·

329 580 464 642 Alumea
485 599 642 642 commune
663 582 699 642 L.

287 698 402 776 locos.
423 699 576 764 Invenitur
596 699 627 760 in
649 702 810 786 Aegypto,
830 702 931 770 insula
952 701 1056 778 tiolo,
1085 699 1154 760 Sar·

248 799 341 880 dinis,
363 799 522 883 Hispania,
543 784 704 883 Lusitania,
724 801 911 886 BrasiliaLin
926 799 1015 862 variis
1028 799 1152 862 formiss

247 902 385 972 nimirum
406 901 555 983 nativum,
570 929 575 940 =
589 902 676 964 variis
697 907 858 986 peregrinis
886 903 977 966 rebus
988 901 1151 980 mixtum,

248 998 280 1062 in
305 1002 409 1085 pyritis
430 1005 605 1087 superficie,
633 1004 663 1062 in
695 1007 816 1085 pulvera
848 1017 878 1062 et
910 1003 989 1064 striis
1022 1001 1153 1064 subtilis·

248 1105 347 1186 sim‘a,
383 1105 545 1185 aliquando
571 1103 662 1166 etiam
688 1106 718 1164 ia
738 1101 869 1167 sontibus
890 1101 1083 1167 mineral'tbus
1105 1124 1153 1166 so·

248 1203 355 1266 lutum.

287 1303 412 1367 Formo.
432 1304 562 1370 alumen
581 1321 625 1369 est
644 1308 688 1369 sel
708 1318 814 1368 neuter
835 1317 965 1384 terreus,
997 1327 1014 1368 e
1036 1327 1153 1368 conau-

247 1403 301 1475 oto
322 1404 399 1466 acidi
420 1405 556 1468 ritriolici
576 1429 643 1468 cum
663 1420 743 1469 terra
759 1406 924 1468 aluminosa
938 1420 1040 1478 catus,
1061 1427 1153 1488 quem

182 1511 188 1520 '
250 1504 387 1570 videmus
405 1505 439 1568 in
459 1507 561 1570 frustis
582 1507 743 1590 grandibus
766 1504 961 1590 crystallinis,
988 1503 1063 1567 albis
1084 1507 1155 1568 sub·

249 1606 425 1689 diaphaais,
455 1629 584 1690 quorum
606 1608 762 1691 crystalli,v
787 1610 859 1670 dum
888 1590 1038 1689 repulisses
1062 1621 1154 1686 suat,

251 1709 423 1773 octaedram
443 1710 556 1772 habent
575 1711 711 1772 formam.

291 1812 444 1892 Propi-iet.
465 1813 568 1874 Nullus
589 1813 681 1874 odore
707 1833 795 1896 sapor
814 1812 967 1892 insigniter
987 1811 1154 1900 stypticam,

250 1911 409 1977 subdulcia.
443 1911 512 1974 Adri
538 1917 687 1996 expositus
709 1913 821 1996 tegitur
841 1913 962 1994 pulvere
984 1921 1038 1970 aut
1057 1909 1155 1974 serina

251 2014 408 2098 quadem,
436 2037 497 2097 qua
528 2015 657 2076 demitur
683 2013 878 2096 pelluciditss.
911 2013 956 2074 td
989 2009 1091 2093 ignem
1116 2010 1152 2072 li·

251 2118 382 2197 quescit,
405 2113 504 2197 perdit
524 2137 632 2197 equam
653 2113 800 2198 crystallis
822 2115 985 2196 idoneam,
1007 2110 1155 2195 turgescit

250 2211 421 2294 insigniter,
455 2214 577 2276 tandem
598 2227 731 2276 mutatur
751 2212 782 2274 in
803 2213 997 2274 substantiam
1020 2209 1152 2282 siccam,

251 2314 455 2394 spongiosam,
475 2311 591 2392 levem,
613 2312 725 2389 albem,
746 2314 814 2372 satis
833 2309 978 2370 friabilem
999 2323 1031 2370 et
1052 2309 1155 2372 admo·

252 2412 324 2474 dum
346 2413 521 2494 stypticam,
555 2432 634 2492 quae
656 2413 810 2472 Alumiat's
835 2413 893 2472 usti
919 2408 1040 2472 nomine
1063 2413 1153 2472 venit.

252 2513 286 2573 la
308 2534 385 2593 aqua
409 2511 515 2592 frigido
541 2533 647 2592 parum
676 2512 817 2573 solvitur:
851 2510 934 2572 iuxta
962 2510 1153 2572 Kirwanium

251 2607 333 2674 enim
353 2608 526 2692 quindecies
546 2595 662 2671 tantuin
683 2631 796 2691 equae,
820 2630 897 2694 quae
920 2606 1098 2689 temperiem
1112 2609 1152 2669 60

252 2712 400 2793 graduum
420 2709 572 2770 Fshreah.
594 2709 704 2787 hebet,
734 2708 866 2791 poscitur
892 2709 931 2770 ad
960 2707 1151 2772 solutionem.

251 2815 339 2893 Aqua
359 2810 472 2874 fervida
492 2829 566 2876 vero
585 2808 736 2872 dimidiam
755 2809 817 2872 sere
838 2813 884 2872 sui
919 2809 1060 2893 ponderis
1080 2829 1150 2892 par-

252 2923 314 2974 tem
335 2911 432 2974 solvit.
473 2959 479 2970 .

210 3123 215 3130 .
252 3073 400 3138 Attltttt.
421 3068 547 3134 Ambae.

334 3191 453 3252 Ambra
472 3187 666 3253 austrasiae-a
686 3187 722 3250 L.

293 3310 405 3372 Meus.
426 3305 580 3368 Invenitur
597 3304 629 3366 in
650 3304 803 3386 superficie
824 3309 910 3366 maris
941 3310 1017 3368 cirea
1038 3309 1145 3372 insulas

253 3412 426 3480 Moluccas,
462 3407 666 3484 tiladngasrar,
697 3405 852 3462 Stttttztlr*¹¹
931 3411 936 3432 ¹
965 3431 1030 3468 oras
1053 3413 1145 3470 Coro·

254 3513 389 3588 mandit,
412 3511 568 3582 Drusillae,
592 3506 729 3586 Atticae,
753 3509 795 3566 tal.
819 3534 825 3568 s
849 3535 853 3545 =
944 3511 1064 3570 polliae:
1087 3531 1145 3568 sar·
