2418 4146
308 272 461 322 rulrnrus
487 271 772 326 runaulcnurrcs
913 271 982 345 119

127 383 283 467 Proprict.
295 385 392 467 Sapor
406 398 453 448 est
465 389 610 469 stypticus
621 431 630 460 ,
643 403 815 446 nauseosus.
826 383 871 443 Ad
886 381 983 466 ignem

84 485 184 566 perdit
196 483 274 546 acidi
288 497 421 568 partem:
437 485 476 548 ad
491 485 628 560 tubulum
642 485 785 545 lusorium
801 494 901 564 turget
914 503 985 542 mox

84 595 117 644 et
136 586 254 660 servet,
285 581 356 645 dein
376 582 524 665 quiescit,
556 587 638 646 niueo
659 583 785 644 sormam
806 581 985 644 metallicam

83 692 300 763 recuperante,
320 679 475 742 {lammam
495 682 547 744 dat
567 681 771 764 splendidam,
797 679 984 742 avolantibus

84 779 210 842 floribus
240 777 412 862 autliloecis
433 779 514 842 albis.
543 781 675 844 Solvitur
703 779 735 840 iu
757 799 853 861 aquae
884 779 986 863 copia,

83 899 162 960 quae
184 877 285 959 paullo
305 887 425 960 ruperat
445 878 571 961 duplum
585 880 719 962 pondus:
740 899 776 940 ex
788 899 823 939 ea
837 878 985 940 solutione

83 995 142 1060 ope
164 977 304 1042 alcalium
318 990 350 1040 et
363 987 507 1042 terrerum
514 1023 525 1060 ‚
548 977 646 1061 pulvis
659 977 776 1042 albidus
789 977 916 1040 fundum
930 999 986 1060 pe·

84 1077 139 1153 tit,
162 1074 217 1159 qui
238 1097 310 1140 vera
330 1088 376 1140 est
395 1079 475 1140 siuci
494 1079 580 1140 calx.

83 1235 325 1299 VITRIOLUM
345 1235 609 1298 COERULEUM.
632 1235 766 1299 Wtrr'olo
787 1237 826 1297 dc
845 1236 934 1298 cobre
962 1258 984 1296 s.

128 1332 311 1413 caparroso
330 1333 414 1394 arui.
437 1333 487 1395 Sal
509 1345 616 1395 neuter
635 1332 809 1396 metallicus.

168 1453 335 1516 Vitricium
356 1455 516 1536 cyprinum
537 1455 574 1516 L.

170 1551 307 1637 Cyprum
329 1556 511 1616 ritriolatum
532 1554 653 1636 Bergm.

127 1673 240 1736 Locus.
271 1675 422 1736 Invenitur
452 1678 482 1734 in
508 1672 615 1736 fodinis
643 1677 743 1758 cupri,
765 1674 987 1760 crystallorum,

81 1771 258 1852 arelactitis,
279 1774 409 1856 pulveris
430 1773 551 1857 l’orma,x
567 1759 599 1835 in
621 1796 699 1856 aqua
720 1773 811 1836 etiam
839 1776 986 1853 solutum,

80 1873 114 1932 in
136 1871 313 1951 Pannonia,
343 1871 467 1948 Saecia,
498 1871 642 1935 Hibernia
668 1888 725 1936 etc.
754 1875 789 1936 ld
809 1894 899 1953 vero,
926 1895 986 1955 quo

83 1972 181 2054 vulgo
203 1970 325 2046 utimur,
346 1983 392 2032 est
412 1982 476 2047 erte
498 1971 618 2032 luctuuu

126 2075 253 2132 Forma.
276 2072 435 2132 Vitriolum
456 2071 628 2132 coeruleum
656 2085 702 2132 est
721 2070 765 2132 sal
791 2082 896 2133 neuter
921 2093 986 2134 me·

81 2170 217 2246 tollicus,
238 2191 256 2231 e
277 2168 428 2231 connubio
443 2169 518 2229 acidi
532 2168 668 2230 vitriolici
679 2189 748 2230 cum
763 2191 857 2252 cupro
879 2186 985 2252 ortus,

81 2269 233 2352 crystallis
247 2267 470 2343 rhomboideis.
488 2267 690 2351 longiusculis,
710 2269 854 2332 coeruleis
869 2271 986 2336 obvius.

125 2371 279 2450 Proprier.
302 2371 398 2451 Sapor
419 2383 464 2430 est
484 2368 649 2430 admodum
669 2371 835 2453 stypticus‚
856 2393 986 2433 nauseo·
1041 2375 1043 2382 ’

81 2489 142 2532 sus.
165 2468 287 2529 Frietus
310 2469 348 2530 ad
368 2469 480 2529 ferrum
501 2466 628 2550 politum
650 2469 867 2554 humidamque
900 2471 985 2532 strias

81 2570 190 2630 rubras
213 2567 362 2650 relinquit.
385 2569 431 2629 Ad
442 2567 540 2650 ignem
556 2567 691 2630 celeriter
705 2569 850 2644 funditur,
871 2573 988 2654 perdita

81 2692 164 2751 aqua
185 2669 329 2752 crystallis
349 2668 481 2744 idonea,
499 2669 626 2734 vertitur
645 2668 675 2730 in
696 2670 853 2752 pulverem
874 2669 988 2733 albi'do·

81 2768 300 2850 ssavicorum,
331 2757 461 2850 denique
489 2768 606 2852 penitus
632 2769 743 2831 secedit
768 2771 798 2829 in
819 2757 986 2847 elementa,

82 2892 154 2938 cum
176 2868 252 2951 ignis
273 2872 316 2930 vis
337 2871 466 2931 maxime
487 2884 576 2930 aucta
596 2881 650 2931 est.
672 2870 717 2930 Ad
739 2869 875 2931 tubulum
904 2871 986 2932 luso-

83 2970 165 3032 rium
187 2969 287 3031 statim
312 2968 451 3031 tumescit
471 2990 540 3030 cum
562 2968 690 3050 strepitu
710 2979 741 3030 et
761 2969 894 3049 fervore,
916 2981 987 3031 tunc

81 3073 226 3152 quiescit,
248 3069 367 3130 metallo
381 3091 467 3152 saepe
479 3069 665 3152 splendorem
679 3081 888 3152 recuperante,
903 3093 986 3153 prue-

81 3174 187 3234 sertim
210 3169 240 3230 in
261 3170 412 3242 carbone,
432 3170 533 3231 relicta
554 3167 649 3231 scoria
671 3169 804 3244 informi,
825 3192 903 3253 quae
931 3171 988 3231 bo·

82 3269 163 3332 rucis
179 3267 358 3332 adminiculo
374 3269 514 3332 solviturs
536 3269 610 3332 haec
625 3268 703 3332 enim
718 3270 884 3336 substantia
898 3271 989 3353 aptis·

81 3374 161 3432 sime
182 3383 227 3431 est
248 3371 286 3430 ad
307 3371 489 3452 connubium
507 3388 581 3458 cum
601 3369 660 3431 hoc
691 3372 822 3435 metallo.
855 3371 988 3433 Solvitur
1042 3355 1045 3362 i

83 3469 116 3534 in
137 3481 245 3552 quater
261 3483 344 3532 tanto
358 3490 467 3552 aquae:
489 3491 580 3552 equa
593 3469 743 3534 solutione
758 3491 886 3555 cuprum
902 3491 986 3554 prue-
