2418 4146
260 322 326 394 ¹7⁰
627 321 711 368 rena
736 321 773 368 11.

406 490 551 553 OLEUM
571 491 793 552 BACCARUM
812 489 1002 552 IUNlPERI.

511 654 539 693 v.
564 635 671 693 Oleum
694 629 893 690 cinnamomi.

436 791 581 853 OLEUM
602 789 824 872 urecolum
844 786 976 848 LAUttt

458 949 488 990 v.
512 929 623 992 oleran
643 930 803 1008 spissatum
826 925 938 988 cocao.

428 1125 572 1186 OLEUM
594 1123 729 1186 cacto
750 1123 985 1186 SPISSATUM.

539 1286 564 1326 a.
584 1267 732 1342 Butyrum
755 1265 873 1326 cocao.

341 1423 527 1484 Torreantur
546 1422 642 1482 nuclei
665 1423 764 1483 Cacao
790 1433 858 1500 tot,
894 1431 971 1503 quot
990 1415 1096 1499 iubet,
1130 1434 1165 1481 ut

299 1520 423 1582 cortices
443 1521 555 1582 facilius
576 1521 724 1582 secedant.
745 1519 905 1582 Pinsantur
918 1521 1017 1580 nuclei
1029 1519 1061 1579 in
1077 1541 1165 1580 mor·

301 1620 376 1678 tario
396 1619 507 1696 ferreo,
528 1619 634 1699 pistillo
656 1618 770 1697 ferreo,
793 1618 891 1678 calido
910 1631 1060 1698 utroque,
1081 1618 1166 1677 utin

302 1719 414 1799 pultem
435 1729 649 1780 convertantur
668 1733 856 1800 autpertum.
871 1718 1092 1780 Ferveathaeo
1108 1739 1168 1797 per

263 1879 266 1888 ,
302 1815 451 1878 dimidiam
461 1817 566 1876 horam
579 1816 610 1876 in
621 1817 738 1898 octupla
750 1815 888 1898 ponderis
899 1816 1034 1898 portione
1046 1836 1168 1896 aquae:

304 1927 463 1998 postquam
485 1915 650 1990 refrixerit,
670 1917 817 1977 cochleari
837 1915 1011 1976 detrahatur
1024 1915 1167 1974 substau-

303 2018 345 2074 tia
366 2016 468 2076 oleoso
486 2015 633 2077 innatans.
664 2015 827 2076 Residuum
857 2013 967 2074 iterum
988 2016 1167 2095 iterumque

305 2114 426 2174 ebulliat
445 2135 515 2174 cum
535 2136 613 2194 aqua
634 2113 762 2190 recenti,
783 2114 943 2195 oleumque
961 2112 1103 2172 innatans
1129 2121 1167 2172 si·

303 2209 365 2269 mili
386 2212 478 2271 modo
498 2222 660 2292 separetur.

345 2311 386 2369 Ut
405 2311 502 2371 oleum
516 2310 678 2390 depuretur
691 2322 721 2371 et
735 2312 773 2371 ab
786 2314 866 2372 omni
880 2313 1006 2371 humore
1021 2311 1167 2370 adiuncto

177 2467 179 2472 ,
304 2404 465 2480 liberetur,
493 2410 523 2466 in
553 2406 661 2466 balneo
683 2406 795 2467 Mariae
824 2404 1017 2487 liquefactum
1044 2407 1167 2468 coletur

305 2504 514 2596 effurrtlendum
534 2508 564 2564 in
577 2506 720 2586 ,lagenam
740 2507 908 2587 elongatam
923 2517 1166 2587 angustamque,

305 2603 475 2668 immersam
496 2625 594 2686 aquae
613 2605 675 2666 fere
694 2603 842 2680 fervidae,
862 2616 897 2666 ut
917 2605 1015 2665 oleum
1038 2626 1096 2687 per
1108 2606 1165 2666 ali·

306 2705 388 2785 quod
410 2719 527 2785 tempus
547 2701 693 2784 liquidum
714 2702 791 2762 sinat
810 2701 912 2764 sordes
942 2713 973 2762 et
1004 2703 1164 2763 humorem

306 2804 435 2863 fundum
454 2813 567 2885 petere.
598 2801 764 2881 Postquam
792 2799 926 2876 refrixit,
954 2799 1060 2880 lagena
1081 2803 1166 2862 smn-

305 2916 412 2982 gatur,
432 2902 591 2982 oleumque
610 2901 783 2981 spissatum,
809 2909 980 2980 reparatum
1000 2921 1019 2958 a
1039 2899 1166 2960 residrm

307 3012 450 3062 terretur.
1005 3053 1009 3058 .

322 3101 464 3165 ¹Eodem
485 3100 595 3174 modo,
622 3097 692 3158 licet
721 3095 875 3158 omittatur
906 3095 1018 3172 tortio,
1053 3101 1166 3160 Oleum

267 3274 286 3287 ..
307 3203 469 3262 baccarum
490 3200 590 3266 Lauri
609 3207 738 3278 paratur.

485 3353 630 3417 OLEUM
651 3349 949 3414 CAMFORATUM.

269 3471 310 3574 li.
333 3494 403 3557 0Ιοί
422 3489 552 3576 vulgarit
572 3489 673 3552 uncias
692 3487 787 3566 duaa,
