2408 4148
279 377 429 426 MATERIA
455 376 738 425 autnntcuurtca
903 379 953 450 99

90 492 251 572 Propriet.
273 491 359 550 Odor
379 491 485 550 nullus.
507 490 604 570 Sapor
625 489 733 550 radicis
757 488 849 550 dulcis
872 511 955 552 arna·

47 596 172 669 ricaus,
195 609 353 666 mucosus,
373 590 483 649 herbae
504 587 689 649 subamarus.

47 749 339 810 saussaium.
361 747 627 810 caua-Parrum.
649 746 758 808 uarix.
812 706 815 717 ¹
849 709 852 716 ’

140 871 263 930 Smilax
283 869 487 946 Sarsaparilu
507 871 542 928 L.

92 983 211 1049 Locus.
233 985 357 1048 Habitat
376 987 408 1047 in
428 988 528 1066 Peru,
548 985 665 1048 Maxico
685 1003 717 1048 et
736 989 866 1050 Brasiiia.
899 989 959 1049 Pei

49 1088 168 1150 renuis.

94 1191 231 1251 Forma.
243 1186 271 1246 E
293 1185 398 1245 tubere
418 1183 555 1267 pollicari
567 1201 729 1247 nascuntur
740 1185 855 1247 radices
868 1187 960 1248 fibro·

48 1307 128 1359 aue,
149 1285 326 1364 elongatae,
353 1282 461 1343 calami
481 1285 625 1364 scriptorii
646 1284 797 1364 crassitie,
829 1285 960 1366 longitu-

48 1385 197 1446 diualiter
218 1383 367 1456 sulcatae,
401 1381 532 1456 flexiles,
566 1385 694 1444 cuticula
725 1397 828 1444 tenero
855 1387 961 1446 rubro·

49 1485 178 1545 cinerea
201 1493 254 1541 aut
284 1482 383 1542 fusca:
414 1485 494 1543 intus
515 1482 622 1557 albae,
649 1483 813 1555 sarinosae,
849 1489 960 1562 siccae,

50 1583 267 1662 sublignosae,
289 1580 417 1642 medulla
438 1580 620 1658 sirbfarinosa
636 1625 645 1654 ,
663 1583 748 1657 alba,
769 1594 933 1664 compacta.

95 1683 256 1762 Propriet.
272 1680 358 1740 Odor
371 1681 479 1741 nullus.
490 1682 585 1761 Sopor
599 1681 772 1742 amaricans.
781 1685 865 1742 Sicca
881 1705 962 1744 man·

52 1778 255 1842 ducata‘abit
274 1783 303 1838 iu
324 1781 517 1840 substantiam
547 1777 706 1840 facinorum
731 1780 962 1862 submucosam,

52 1889 147 1963 parte
171 1876 287 1958 lignosa
306 1875 474 1960 superstite.
583 1933 587 1938 .

55 2037 302 2100 SASSAFRAS.
325 1989 500 2115 Sassasruz.
521 2034 669 2116 Lignum,
688 2046 800 2096 cortex.

145 2157 269 2216 Laura
289 2153 451 2230 Sassasras
471 2155 507 2220 L.

100 2279 216 2337 Locus.
238 2275 361 2344 Habitat
380 2274 412 2334 in
432 2273 571 2335 Brasiiiaa
601 2275 709 2337 colitur
735 2279 764 2335 in
784 2275 878 2358 hortis
899 2279 963 2337 Eu·

57 2399 154 2460 rupae
177 2387 208 2435 et
229 2373 399 2457 regionibus
430 2372 618 2435 calidioribus
645 2374 801 2436 Americae
828 2375 965 2437 borealis.

59 2479 175 2537 Arbor.
362 2541 365 2550 ¹

103 2575 238 2632 Forma.
261 2573 386 2651 Lignum
409 2581 452 2630 est
473 2571 555 2651 leve,
579 2592 684 2652 parum
697 2572 805 2633 durum
818 2619 826 2647 ,
840 2573 964 2655 ¹fragile,

61 2675 169 2734 colore
189 2670 309 2732 cinereo
329 2668 552 2750 subferrugiueo
573 2686 626 2732 aut
638 2671 738 2734 ssavo:
758 2676 868 2735 cortice
884 2691 966 2738 utus

61 2793 194 2854 rugoso,
216 2770 404 2832 succo-rubro
425 2785 477 2830 aut
498 2773 740 2846 cinereo-fusco·,
771 2778 849 2835 intus
870 2777 966 2835 ferru-

62 2881 184 2955 gineum
208 2884 252 2932 est
273 2870 402 2951 iignum,
431 2870 589 2952 glabrum,
618 2872 723 2954 fragile
754 2895 788 2934 ac
817 2874 847 2934 in
876 2889 968 2937 strata
1053 2892 1055 2898 ’

62 2988 170 3034 tenera
192 2973 348 3031 secedens.
826 3022 830 3030 ,

104 3076 263 3150 Propriet.
285 3070 372 3130 Odor
392 3071 541 3150 fragrans,
562 3069 665 3144 fortis,
685 3087 805 3152 gratus,
833 3074 967 3136 foeniculi
1044 3115 1050 3121 -

65 3173 213 3234 acutulus:
228 3170 323 3250 Sapor
334 3168 528 3241 aromaticus,
548 3170 758 3244 subvellicans,
779 3173 881 3236 dulcis
896 3176 968 3236 Cor·

64 3276 128 3334 ticis
151 3272 230 3332 orior
250 3289 397 3351 saporque
418 3269 484 3349 ligni
507 3267 630 3343 similes,
652 3272 705 3330 sed
727 3271 872 3335 tortiores.

702 3590 728 3612 ¹⁰
796 3577 842 3630 'iu
900 3575 903 3582 .
