2408 4148
255 289 300 361 16
635 311 717 361 raas
745 315 766 360 1.

248 445 362 506 pruna,
383 446 473 506 quam
495 435 630 508 penetrat
645 437 675 486 et
689 427 806 510 penitus
829 426 996 510 retruserit,
1018 426 1157 510 exceptis

249 523 390 600 floribus,
411 547 486 608 quos
508 527 692 588 circinnatim
712 529 845 611 deponit.
867 528 961 590 Lente
982 527 1158 610 sensimque

249 626 446 702 calcinum,
468 626 592 708 largitur
605 628 713 688 calcem
727 627 892 702 cinereum,
907 650 985 710 quae
999 628 1038 688 ad
1053 624 1157 710 ignem

249 725 280 786 In
302 726 429 788 scoriam
450 725 650 807 ferrugineam
675 739 706 789 et
725 731 787 790 fere
808 730 987 811 diaphanam
1009 729 1156 790 vestitura

249 827 279 887 in
301 827 388 900 acidis
407 825 492 888 facile
513 826 658 906 solvitur,
679 828 710 890 ia
731 851 810 912 aqua
831 833 908 912 regia
929 830 994 890 sola
1011 845 1082 911 pars
1097 847 1157 899 me·

250 923 370 1004 talliea,
391 925 501 986 sulfure
522 930 886 1011 separato,si1perticiem
910 940 1040 1012 patente.

250 1086 552 1148 aarsrotocrna
572 1087 720 1150 torar.
735 1068 948 1172 Arteatoquia
968 1089 1073 1172 tanga.
1096 1087 1155 1150 aa·

263 1233 265 1240 >
295 1183 356 1250 dix.

318 1283 542 1400 aristolochia
561 1311 652 1392 longa
673 1309 710 1372 1..

292 1427 402 1490 hocas.
433 1428 557 1489 Habitat
584 1423 616 1490 ih
645 1429 768 1512 Europa
789 1427 912 1490 australi
937 1441 968 1491 et
988 1428 1154 1492 Lusitania.

253 1528 358 1590 Floret
380 1529 471 1612 Aprili
492 1529 530 1589 ad
553 1529 670 1592 iunium
692 1551 797 1613 usque.
813 1529 960 1592 'Perennis
981 1530 1124 1611 vulgaris.

295 1631 422 1688 Forma.
445 1627 541 1688 Radix
563 1627 639 1690 sicca
660 1628 840 1711 cylindrum,
860 1629 985 1702 obtusa,
1016 1629 1155 1711 pollicem

255 1749 372 1804 crassa,
394 1728 524 1810 palmum
546 1727 652 1811 longa,
674 1740 758 1789 extus
781 1727 911 1800 sulcata,
942 1749 1072 1810 rugosa,
1105 1749 1155 1790 eo·

254 1826 324 1888 loris
345 1825 473 1908 cinerei,
494 1827 588 1908 dura,
623 1826 810 1910 subfragilia,
840 1830 919 1902 intus
939 1825 1080 1892 flavienus
1102 1849 1155 1894 teu

254 1928 397 1991 exalbida.
743 1930 749 1945 '

160 2063 164 2070 ·
294 2015 446 2108 Propria.
469 2029 555 2091 Odor
576 2032 814 2092 subnauseosus:
845 2017 936 2114 sapor
954 2033 1154 2108 aromaticus,

254 2127 419 2190 amaricans
441 2140 471 2192 et
492 2129 578 2193 aci-is.

260 2283 415 2351 ARNlCd.
438 2294 565 2352 Amica.
587 2292 703 2366 Radix,
723 2290 811 2368 solia,
832 2291 929 2352 ssores.

333 2411 460 2474 Arnisa·
472 2425 616 2473 montana
637 2413 672 2472 t.
724 2400 729 2407 ’

293 2532 403 2594 Ladas.
426 2531 547 2594 Habitat
567 2529 598 2592 in
620 2503 770 2592 rdontibus
790 2545 821 2592 at
836 2528 926 2612 pratis
939 2531 1153 2613 Europae'bo·

253 2631 356 2694 raaiiaa
378 2631 466 2693 etiam
489 2636 517 2691 in
538 2629 700 2694 Lusitania.
715 2631 821 2690 Floret
836 2630 917 2690 Maio
932 2642 962 2691 et
983 2651 1037 2713 per
1058 2643 1155 2693 totam

254 2741 410 2796 testatem.
432 2731 583 2792 Perennis.

294 2835 422 2892 Forma.
440 2830 541 2892 Radix
563 2830 695 2908 fibrosa,
730 2829 808 2890 mole
837 2850 953 2911 pennae
983 2827 1157 2908 anserinae,

255 2940 340 2992 extus
362 2932 532 3011 variegata,
561 2927 644 2990 intus
673 2929 749 2988 siba.
784 2930 809 2988 F
813 2927 871 2988 oiia
902 2926 1157 3008 ovato-oblonga,

254 3028 464 3110 integerrima,
486 3028 617 3090 molliter
638 3026 756 3105 sitista,
787 3048 876 3109 supra
898 3027 1019 3100 scabra,
1053 3027 1158 3088 subtus

254 3131 370 3209 laevia,
392 3128 543 3191 trinervia.
557 3129 661 3190 Floras
675 3125 767 3204 lutei,
787 3128 942 3208 compositi
958 3125 1074 3188 flosculi
1088 3126 1159 3188 disci

256 3229 522 3311 hermaphroditis,
547 3229 690 3290 tubulosis
703 3271 714 3309 ,
737 3223 953 3310 quinquefidis‚
974 3224 1050 3288 radii
1075 3226 1159 3288 semi·

254 3329 317 3396 neit
338 3329 487 3411 [iugulatis
509 3328 687 3392 tridentatis.

298 3433 451 3514 Proprirt.
475 3430 561 3492 Odor
581 3429 687 3492 radicis
708 3428 962 3491 subaromatieusa
986 3449 1075 3510 sapor
1089 3449 1158 3522 sua·

257 3537 376 3602 tissime
397 3556 516 3596 amarus
538 3548 570 3596 et
590 3530 684 3608 acris,
704 3530 841 3594 foliorum
864 3530 1015 3596 subsalsus
1035 3542 1065 3593 et
1079 3551 1158 3594 ame·

256 3635 373 3719 ficana,
394 3634 503 3698 florum
526 3656 645 3702 amarus
666 3645 697 3696 et
719 3631 806 3697 acris.
