<?xml version="1.0" encoding="UTF-8"?>
<!DOCTYPE html PUBLIC "-//W3C//DTD XHTML 1.0 Transitional//EN"
    "http://www.w3.org/TR/xhtml1/DTD/xhtml1-transitional.dtd">
<html xmlns="http://www.w3.org/1999/xhtml" xml:lang="en" lang="en">
 <head>
  <title>
</title>
<meta http-equiv="Content-Type" content="text/html;charset=utf-8" />
  <meta name='ocr-system' content='tesseract 3.04.00' />
  <meta name='ocr-capabilities' content='ocr_page ocr_carea ocr_par ocr_line ocrx_word'/>
</head>
<body>
  <div class='ocr_page' id='page_1' title='image "./pharmacopoealus00unkngoog_0032.png"; bbox 0 0 2408 4148; ppageno 0'>
   <div class='ocr_carea' id='block_1_1' title="bbox 303 323 978 404">
    <p class='ocr_par' dir='ltr' id='par_1_1' title="bbox 303 323 978 404">
     <span class='ocr_line' id='line_1_1' title="bbox 303 323 978 404; baseline 0.003 -30"><span class='ocrx_word' id='word_1_1' title='bbox 303 323 453 374; x_wconf 72' lang='lat' dir='ltr'>MATERIA</span> <span class='ocrx_word' id='word_1_2' title='bbox 477 323 768 378; x_wconf 71' lang='lat' dir='ltr'>eflltntcaurtct</span> <span class='ocrx_word' id='word_1_3' title='bbox 933 329 978 404; x_wconf 76' lang='lat'>27</span> 
     </span>
    </p>
   </div>
   <div class='ocr_carea' id='block_1_2' title="bbox 55 437 979 2192">
    <p class='ocr_par' dir='ltr' id='par_1_2' title="bbox 77 437 979 698">
     <span class='ocr_line' id='line_1_2' title="bbox 117 437 979 524; baseline 0.002 -24"><span class='ocrx_word' id='word_1_4' title='bbox 117 439 249 500; x_wconf 79' lang='lat' dir='ltr'>Forma.</span> <span class='ocrx_word' id='word_1_5' title='bbox 272 437 351 499; x_wconf 81' lang='lat' dir='ltr'>Calx</span> <span class='ocrx_word' id='word_1_6' title='bbox 373 439 439 501; x_wconf 81' lang='lat' dir='ltr'>viva</span> <span class='ocrx_word' id='word_1_7' title='bbox 459 451 503 502; x_wconf 84' lang='lat' dir='ltr'>est</span> <span class='ocrx_word' id='word_1_8' title='bbox 522 439 553 502; x_wconf 85' lang='lat' dir='ltr'>in</span> <span class='ocrx_word' id='word_1_9' title='bbox 573 442 671 502; x_wconf 82' lang='lat' dir='ltr'>frustis</span> <span class='ocrx_word' id='word_1_10' title='bbox 692 439 781 520; x_wconf 85' lang='lat' dir='ltr'><strong>albis,</strong></span> <span class='ocrx_word' id='word_1_11' title='bbox 802 438 872 502; x_wconf 84' lang='lat' dir='ltr'>satis</span> <span class='ocrx_word' id='word_1_12' title='bbox 892 441 979 524; x_wconf 72' lang='lat' dir='ltr'>fragi-</span> 
     </span>
     <span class='ocr_line' id='line_1_3' title="bbox 77 535 977 618; baseline 0.006 -23"><span class='ocrx_word' id='word_1_13' title='bbox 77 535 174 609; x_wconf 82' lang='lat' dir='ltr'><strong>libus,</strong></span> <span class='ocrx_word' id='word_1_14' title='bbox 206 535 344 598; x_wconf 77' lang='lat' dir='ltr'><strong>facillime</strong></span> <span class='ocrx_word' id='word_1_15' title='bbox 373 536 405 598; x_wconf 87' lang='lat' dir='ltr'>in</span> <span class='ocrx_word' id='word_1_16' title='bbox 433 537 589 618; x_wconf 81' lang='lat' dir='ltr'>pulverem</span> <span class='ocrx_word' id='word_1_17' title='bbox 608 539 788 612; x_wconf 74' lang='lat' dir='ltr'>salinosum,</span> <span class='ocrx_word' id='word_1_18' title='bbox 815 537 977 600; x_wconf 84' lang='lat' dir='ltr'>candidum</span> 
     </span>
     <span class='ocr_line' id='line_1_4' title="bbox 77 633 295 698; baseline 0.018 -4"><span class='ocrx_word' id='word_1_19' title='bbox 77 633 295 698; x_wconf 70' lang='lat' dir='ltr'>fatiscentibus.</span> 
     </span>
    </p>

    <p class='ocr_par' dir='ltr' id='par_1_3' title="bbox 55 735 978 2192">
     <span class='ocr_line' id='line_1_5' title="bbox 117 735 973 819; baseline 0.007 -25"><span class='ocrx_word' id='word_1_20' title='bbox 117 736 400 819; x_wconf 82' lang='lat' dir='ltr'>Propriet.&#39;Sapor</span> <span class='ocrx_word' id='word_1_21' title='bbox 419 735 517 816; x_wconf 84' lang='lat' dir='ltr'>aeris,</span> <span class='ocrx_word' id='word_1_22' title='bbox 543 750 697 816; x_wconf 82' lang='lat' dir='ltr'>aestuans,</span> <span class='ocrx_word' id='word_1_23' title='bbox 731 739 877 800; x_wconf 83' lang='lat' dir='ltr'>urinosus.</span> <span class='ocrx_word' id='word_1_24' title='bbox 905 741 973 800; x_wconf 79' lang='lat' dir='ltr'>Aeri</span> 
     </span>
     <span class='ocr_line' id='line_1_6' title="bbox 76 835 975 918; baseline 0.004 -22"><span class='ocrx_word' id='word_1_25' title='bbox 76 835 216 916; x_wconf 79' lang='lat' dir='ltr'>exposita</span> <span class='ocrx_word' id='word_1_26' title='bbox 237 846 352 917; x_wconf 80' lang='lat' dir='ltr'>turget,</span> <span class='ocrx_word' id='word_1_27' title='bbox 385 835 528 918; x_wconf 84' lang='lat' dir='ltr'>finditur,</span> <span class='ocrx_word' id='word_1_28' title='bbox 562 835 714 898; x_wconf 86' lang='lat' dir='ltr'>volumine</span> <span class='ocrx_word' id='word_1_29' title='bbox 736 851 843 912; x_wconf 83' lang='lat' dir='ltr'>aucto,</span> <span class='ocrx_word' id='word_1_30' title='bbox 864 838 975 913; x_wconf 79' lang='lat' dir='ltr'>calallt,</span> 
     </span>
     <span class='ocr_line' id='line_1_7' title="bbox 74 935 978 1020; baseline 0.002 -22"><span class='ocrx_word' id='word_1_31' title='bbox 74 935 139 998; x_wconf 84' lang='lat' dir='ltr'>abit</span> <span class='ocrx_word' id='word_1_32' title='bbox 160 935 290 1017; x_wconf 74' lang='lat' dir='ltr'>deniqne</span> <span class='ocrx_word' id='word_1_33' title='bbox 311 937 340 997; x_wconf 93' lang='lat' dir='ltr'>in</span> <span class='ocrx_word' id='word_1_34' title='bbox 363 937 513 1018; x_wconf 84' lang='lat' dir='ltr'>pulverem</span> <span class='ocrx_word' id='word_1_35' title='bbox 528 936 685 1013; x_wconf 82' lang='lat' dir='ltr'>subtilem,</span> <span class='ocrx_word' id='word_1_36' title='bbox 705 937 903 1012; x_wconf 84' lang='lat' dir='ltr'>albissimum,</span> <span class='ocrx_word' id='word_1_37' title='bbox 925 938 978 1020; x_wconf 84' lang='lat' dir='ltr'>qui</span> 
     </span>
     <span class='ocr_line' id='line_1_8' title="bbox 75 1027 978 1119; baseline 0.002 -21"><span class='ocrx_word' id='word_1_38' title='bbox 75 1039 142 1098; x_wconf 81' lang='lat' dir='ltr'>salx</span> <span class='ocrx_word' id='word_1_39' title='bbox 164 1038 204 1097; x_wconf 85' lang='lat' dir='ltr'>ad</span> <span class='ocrx_word' id='word_1_40' title='bbox 225 1057 324 1098; x_wconf 85' lang='lat' dir='ltr'>aerem</span> <span class='ocrx_word' id='word_1_41' title='bbox 347 1035 477 1098; x_wconf 80' lang='lat' dir='ltr'>extincta</span> <span class='ocrx_word' id='word_1_42' title='bbox 498 1027 679 1118; x_wconf 71' lang='lat' dir='ltr'><strong>appellatura</strong></span> <span class='ocrx_word' id='word_1_43' title='bbox 703 1059 764 1119; x_wconf 86' lang='lat' dir='ltr'>quo</span> <span class='ocrx_word' id='word_1_44' title='bbox 784 1039 863 1100; x_wconf 87' lang='lat' dir='ltr'>lacto</span> <span class='ocrx_word' id='word_1_45' title='bbox 894 1043 978 1100; x_wconf 86' lang='lat' dir='ltr'>amit·</span> 
     </span>
     <span class='ocr_line' id='line_1_9' title="bbox 55 1135 977 1219; baseline 0.001 -22"><span class='ocrx_word' id='word_1_46' title='bbox 55 1137 112 1197; x_wconf 81' lang='lat' dir='ltr'>‘tit</span> <span class='ocrx_word' id='word_1_47' title='bbox 127 1139 290 1198; x_wconf 71' lang='lat' dir='ltr'>causticam</span> <span class='ocrx_word' id='word_1_48' title='bbox 305 1135 456 1214; x_wconf 81' lang='lat' dir='ltr'><strong>indolem,</strong></span> <span class='ocrx_word' id='word_1_49' title='bbox 478 1149 606 1196; x_wconf 82' lang='lat' dir='ltr'>attracto</span> <span class='ocrx_word' id='word_1_50' title='bbox 620 1137 760 1211; x_wconf 86' lang='lat' dir='ltr'>humore,</span> <span class='ocrx_word' id='word_1_51' title='bbox 774 1137 859 1198; x_wconf 67' lang='lat' dir='ltr'>ansul</span> <span class='ocrx_word' id='word_1_52' title='bbox 874 1137 977 1219; x_wconf 83' lang='lat' dir='ltr'>acqui-</span> 
     </span>
     <span class='ocr_line' id='line_1_10' title="bbox 72 1235 975 1320; baseline 0.001 -21"><span class='ocrx_word' id='word_1_53' title='bbox 72 1238 112 1299; x_wconf 88' lang='lat' dir='ltr'>rit</span> <span class='ocrx_word' id='word_1_54' title='bbox 128 1247 323 1320; x_wconf 81' lang='lat' dir='ltr'>potestatem,</span> <span class='ocrx_word' id='word_1_55' title='bbox 338 1235 501 1300; x_wconf 75' lang='lat' dir='ltr'>ellerventli</span> <span class='ocrx_word' id='word_1_56' title='bbox 514 1257 582 1298; x_wconf 84' lang='lat' dir='ltr'>cum</span> <span class='ocrx_word' id='word_1_57' title='bbox 598 1237 697 1310; x_wconf 80' lang='lat' dir='ltr'>acidis,</span> <span class='ocrx_word' id='word_1_58' title='bbox 718 1259 796 1318; x_wconf 83' lang='lat' dir='ltr'>quaa</span> <span class='ocrx_word' id='word_1_59' title='bbox 811 1251 879 1299; x_wconf 87' lang='lat' dir='ltr'>ante</span> <span class='ocrx_word' id='word_1_60' title='bbox 894 1239 975 1300; x_wconf 80' lang='lat' dir='ltr'>haud</span> 
     </span>
     <span class='ocr_line' id='line_1_11' title="bbox 72 1335 975 1418; baseline 0 -20"><span class='ocrx_word' id='word_1_61' title='bbox 72 1338 264 1415; x_wconf 72' lang='lat' dir='ltr'>attrahebat,</span> <span class='ocrx_word' id='word_1_62' title='bbox 286 1336 368 1417; x_wconf 85' lang='lat' dir='ltr'>qnod</span> <span class='ocrx_word' id='word_1_63' title='bbox 388 1335 442 1413; x_wconf 80' lang='lat' dir='ltr'>fit,</span> <span class='ocrx_word' id='word_1_64' title='bbox 464 1335 566 1398; x_wconf 83' lang='lat' dir='ltr'>sorbto</span> <span class='ocrx_word' id='word_1_65' title='bbox 587 1356 624 1396; x_wconf 77' lang='lat' dir='ltr'>ex</span> <span class='ocrx_word' id='word_1_66' title='bbox 645 1357 714 1398; x_wconf 81' lang='lat' dir='ltr'>aare</span> <span class='ocrx_word' id='word_1_67' title='bbox 735 1339 975 1418; x_wconf 83' lang='lat' dir='ltr'>stmosphaerico</span> 
     </span>
     <span class='ocr_line' id='line_1_12' title="bbox 71 1433 975 1516; baseline 0 -20"><span class='ocrx_word' id='word_1_68' title='bbox 71 1435 161 1496; x_wconf 83' lang='lat' dir='ltr'>acido</span> <span class='ocrx_word' id='word_1_69' title='bbox 184 1456 273 1496; x_wconf 84' lang='lat' dir='ltr'>aereo</span> <span class='ocrx_word' id='word_1_70' title='bbox 295 1455 347 1494; x_wconf 88' lang='lat' dir='ltr'>seu</span> <span class='ocrx_word' id='word_1_71' title='bbox 368 1433 536 1516; x_wconf 85' lang='lat' dir='ltr'>mephitica.</span> <span class='ocrx_word' id='word_1_72' title='bbox 558 1435 709 1516; x_wconf 77' lang='lat' dir='ltr'>Syrnpum</span> <span class='ocrx_word' id='word_1_73' title='bbox 732 1437 873 1498; x_wconf 84' lang='lat' dir='ltr'>violarum</span> <span class='ocrx_word' id='word_1_74' title='bbox 887 1435 975 1498; x_wconf 85' lang='lat' dir='ltr'>viridi</span> 
     </span>
     <span class='ocr_line' id='line_1_13' title="bbox 71 1532 973 1616; baseline 0 -20"><span class='ocrx_word' id='word_1_75' title='bbox 71 1536 159 1616; x_wconf 77' lang='lat' dir='ltr'>tingit</span> <span class='ocrx_word' id='word_1_76' title='bbox 180 1533 301 1606; x_wconf 79' lang='lat' dir='ltr'>calore,</span> <span class='ocrx_word' id='word_1_77' title='bbox 321 1532 431 1614; x_wconf 77' lang='lat' dir='ltr'>pariter</span> <span class='ocrx_word' id='word_1_78' title='bbox 452 1532 543 1594; x_wconf 80' lang='lat' dir='ltr'>etiem</span> <span class='ocrx_word' id='word_1_79' title='bbox 564 1539 694 1596; x_wconf 86' lang='lat' dir='ltr'>cratonis</span> <span class='ocrx_word' id='word_1_80' title='bbox 715 1538 882 1598; x_wconf 79' lang='lat' dir='ltr'>tincturam.</span> <span class='ocrx_word' id='word_1_81' title='bbox 903 1536 973 1596; x_wconf 86' lang='lat' dir='ltr'>sot·</span> 
     </span>
     <span class='ocr_line' id='line_1_14' title="bbox 74 1630 974 1715; baseline 0.004 -21"><span class='ocrx_word' id='word_1_82' title='bbox 74 1637 153 1694; x_wconf 79' lang='lat' dir='ltr'>sitnr</span> <span class='ocrx_word' id='word_1_83' title='bbox 175 1632 207 1694; x_wconf 93' lang='lat' dir='ltr'>in</span> <span class='ocrx_word' id='word_1_84' title='bbox 229 1630 438 1713; x_wconf 74' lang='lat' dir='ltr'>septingenties</span> <span class='ocrx_word' id='word_1_85' title='bbox 460 1643 543 1692; x_wconf 84' lang='lat' dir='ltr'>tanto</span> <span class='ocrx_word' id='word_1_86' title='bbox 558 1635 820 1715; x_wconf 81' lang='lat' dir='ltr'>ponderisaquse,</span> <span class='ocrx_word' id='word_1_87' title='bbox 841 1635 974 1698; x_wconf 82' lang='lat' dir='ltr'>hanaen·</span> 
     </span>
     <span class='ocr_line' id='line_1_15' title="bbox 74 1733 973 1808; baseline 0.002 -13"><span class='ocrx_word' id='word_1_88' title='bbox 74 1733 188 1808; x_wconf 84' lang='lat' dir='ltr'>lelacit,</span> <span class='ocrx_word' id='word_1_89' title='bbox 209 1733 280 1792; x_wconf 86' lang='lat' dir='ltr'>dum</span> <span class='ocrx_word' id='word_1_90' title='bbox 303 1751 371 1792; x_wconf 88' lang='lat' dir='ltr'>cum</span> <span class='ocrx_word' id='word_1_91' title='bbox 393 1752 429 1792; x_wconf 89' lang='lat' dir='ltr'>ea</span> <span class='ocrx_word' id='word_1_92' title='bbox 450 1735 598 1794; x_wconf 86' lang='lat' dir='ltr'>miscetur.</span> <span class='ocrx_word' id='word_1_93' title='bbox 620 1733 735 1795; x_wconf 88' lang='lat' dir='ltr'>Salutio</span> <span class='ocrx_word' id='word_1_94' title='bbox 757 1735 825 1794; x_wconf 85' lang='lat' dir='ltr'>inde</span> <span class='ocrx_word' id='word_1_95' title='bbox 839 1749 973 1797; x_wconf 80' lang='lat' dir='ltr'>natara-</span> 
     </span>
     <span class='ocr_line' id='line_1_16' title="bbox 71 1829 973 1914; baseline 0.001 -20"><span class='ocrx_word' id='word_1_96' title='bbox 71 1847 163 1894; x_wconf 86' lang='lat' dir='ltr'>cntur</span> <span class='ocrx_word' id='word_1_97' title='bbox 184 1853 261 1914; x_wconf 85' lang='lat' dir='ltr'>aqua</span> <span class='ocrx_word' id='word_1_98' title='bbox 283 1829 389 1904; x_wconf 80' lang='lat' dir='ltr'>calcis,</span> <span class='ocrx_word' id='word_1_99' title='bbox 409 1829 493 1892; x_wconf 90' lang='lat' dir='ltr'><strong>cuius</strong></span> <span class='ocrx_word' id='word_1_100' title='bbox 509 1833 704 1914; x_wconf 81' lang='lat' dir='ltr'>proprietates</span> <span class='ocrx_word' id='word_1_101' title='bbox 719 1835 839 1894; x_wconf 86' lang='lat' dir='ltr'>eaedem</span> <span class='ocrx_word' id='word_1_102' title='bbox 855 1848 924 1894; x_wconf 90' lang='lat' dir='ltr'>sunt</span> <span class='ocrx_word' id='word_1_103' title='bbox 939 1857 973 1896; x_wconf 81' lang='lat' dir='ltr'>aa</span> 
     </span>
     <span class='ocr_line' id='line_1_17' title="bbox 71 1928 973 2014; baseline 0.004 -22"><span class='ocrx_word' id='word_1_104' title='bbox 71 1933 166 1992; x_wconf 87' lang='lat' dir='ltr'><strong>calcis</strong></span> <span class='ocrx_word' id='word_1_105' title='bbox 185 1935 279 1992; x_wconf 83' lang='lat' dir='ltr'>vivae.</span> <span class='ocrx_word' id='word_1_106' title='bbox 302 1931 365 2010; x_wconf 85' lang='lat' dir='ltr'>lgni</span> <span class='ocrx_word' id='word_1_107' title='bbox 392 1928 551 1990; x_wconf 77' lang='lat' dir='ltr'>fortissimo</span> <span class='ocrx_word' id='word_1_108' title='bbox 576 1930 730 2013; x_wconf 81' lang='lat' dir='ltr'>exposita,</span> <span class='ocrx_word' id='word_1_109' title='bbox 756 1953 852 2014; x_wconf 84' lang='lat' dir='ltr'>neque</span> <span class='ocrx_word' id='word_1_110' title='bbox 874 1947 973 1996; x_wconf 86' lang='lat' dir='ltr'>muta·</span> 
     </span>
     <span class='ocr_line' id='line_1_18' title="bbox 69 2027 972 2110; baseline 0.004 -18"><span class='ocrx_word' id='word_1_111' title='bbox 69 2043 121 2092; x_wconf 91' lang='lat' dir='ltr'>tur</span> <span class='ocrx_word' id='word_1_112' title='bbox 143 2049 242 2110; x_wconf 85' lang='lat' dir='ltr'>neque</span> <span class='ocrx_word' id='word_1_113' title='bbox 263 2028 404 2106; x_wconf 76' lang='lat' dir='ltr'>funditur,</span> <span class='ocrx_word' id='word_1_114' title='bbox 425 2027 482 2090; x_wconf 86' lang='lat' dir='ltr'>nisi</span> <span class='ocrx_word' id='word_1_115' title='bbox 501 2049 570 2090; x_wconf 84' lang='lat' dir='ltr'>cum</span> <span class='ocrx_word' id='word_1_116' title='bbox 591 2029 653 2092; x_wconf 77' lang='lat' dir='ltr'>atis</span> <span class='ocrx_word' id='word_1_117' title='bbox 674 2031 764 2093; x_wconf 81' lang='lat' dir='ltr'>rebus</span> <span class='ocrx_word' id='word_1_118' title='bbox 787 2035 888 2095; x_wconf 80' lang='lat' dir='ltr'>terreis</span> <span class='ocrx_word' id='word_1_119' title='bbox 918 2048 972 2096; x_wconf 83' lang='lat' dir='ltr'>aut</span> 
     </span>
     <span class='ocr_line' id='line_1_19' title="bbox 70 2129 297 2192; baseline -0.009 0"><span class='ocrx_word' id='word_1_120' title='bbox 70 2129 171 2192; x_wconf 80' lang='lat' dir='ltr'>salinis</span> <span class='ocrx_word' id='word_1_121' title='bbox 193 2131 297 2190; x_wconf 78' lang='lat' dir='ltr'>mixta.</span> 
     </span>
    </p>
   </div>
   <div class='ocr_carea' id='block_1_3' title="bbox 70 2246 505 2489">
    <p class='ocr_par' dir='ltr' id='par_1_4' title="bbox 70 2246 505 2489">
     <span class='ocr_line' id='line_1_20' title="bbox 70 2246 469 2368; baseline -0.013 -18"><span class='ocrx_word' id='word_1_122' title='bbox 70 2289 282 2350; x_wconf 68' lang='lat' dir='ltr'>claffone.</span> <span class='ocrx_word' id='word_1_123' title='bbox 306 2246 469 2368; x_wconf 54' lang='lat' dir='ltr'>Alcanfari</span> 
     </span>
     <span class='ocr_line' id='line_1_21' title="bbox 152 2411 505 2489; baseline 0.003 -18"><span class='ocrx_word' id='word_1_124' title='bbox 152 2411 276 2471; x_wconf 78' lang='lat' dir='ltr'>Laura-r</span> <span class='ocrx_word' id='word_1_125' title='bbox 300 2411 449 2489; x_wconf 78' lang='lat' dir='ltr'>Carrrsora</span> <span class='ocrx_word' id='word_1_126' title='bbox 469 2411 505 2472; x_wconf 81' lang='lat' dir='ltr'>L.</span> 
     </span>
    </p>
   </div>
   <div class='ocr_carea' id='block_1_4' title="bbox 66 2528 992 3612">
    <p class='ocr_par' dir='ltr' id='par_1_5' title="bbox 70 2528 970 2690">
     <span class='ocr_line' id='line_1_22' title="bbox 110 2528 970 2617; baseline 0.013 -29"><span class='ocrx_word' id='word_1_127' title='bbox 110 2529 222 2588; x_wconf 80' lang='lat' dir='ltr'><strong>Locus.</strong></span> <span class='ocrx_word' id='word_1_128' title='bbox 245 2528 367 2590; x_wconf 77' lang='lat' dir='ltr'>Habitat</span> <span class='ocrx_word' id='word_1_129' title='bbox 379 2528 409 2588; x_wconf 90' lang='lat' dir='ltr'>in</span> <span class='ocrx_word' id='word_1_130' title='bbox 425 2529 571 2612; x_wconf 84' lang='lat' dir='ltr'>Japania,</span> <span class='ocrx_word' id='word_1_131' title='bbox 592 2530 693 2596; x_wconf 84' lang='lat' dir='ltr'><strong>insulis</strong></span> <span class='ocrx_word' id='word_1_132' title='bbox 708 2536 844 2617; x_wconf 84' lang='lat' dir='ltr'>Barnea,</span> <span class='ocrx_word' id='word_1_133' title='bbox 864 2536 970 2599; x_wconf 84' lang='lat' dir='ltr'>Sume·</span> 
     </span>
     <span class='ocr_line' id='line_1_23' title="bbox 70 2625 453 2690; baseline 0.008 -3"><span class='ocrx_word' id='word_1_134' title='bbox 70 2641 115 2688; x_wconf 80' lang='lat' dir='ltr'>tre</span> <span class='ocrx_word' id='word_1_135' title='bbox 138 2637 196 2686; x_wconf 84' lang='lat' dir='ltr'>ete.</span> <span class='ocrx_word' id='word_1_136' title='bbox 217 2627 312 2686; x_wconf 78' lang='lat' dir='ltr'>Arbor</span> <span class='ocrx_word' id='word_1_137' title='bbox 331 2625 453 2690; x_wconf 81' lang='lat' dir='ltr'>inculta.</span> 
     </span>
    </p>

    <p class='ocr_par' dir='ltr' id='par_1_6' title="bbox 66 2723 968 3401">
     <span class='ocr_line' id='line_1_24' title="bbox 108 2723 968 2814; baseline 0.014 -30"><span class='ocrx_word' id='word_1_138' title='bbox 108 2727 242 2785; x_wconf 83' lang='lat' dir='ltr'>Forma.</span> <span class='ocrx_word' id='word_1_139' title='bbox 265 2723 398 2786; x_wconf 82' lang='lat' dir='ltr'>Resinal</span> <span class='ocrx_word' id='word_1_140' title='bbox 420 2727 564 2808; x_wconf 82' lang='lat' dir='ltr'>depurata</span> <span class='ocrx_word' id='word_1_141' title='bbox 584 2731 613 2790; x_wconf 89' lang='lat' dir='ltr'>in</span> <span class='ocrx_word' id='word_1_142' title='bbox 633 2731 730 2792; x_wconf 78' lang='lat' dir='ltr'>frustis</span> <span class='ocrx_word' id='word_1_143' title='bbox 759 2732 968 2814; x_wconf 84' lang='lat' dir='ltr'>hemisphaeri-</span> 
     </span>
     <span class='ocr_line' id='line_1_25' title="bbox 68 2823 967 2906; baseline 0.011 -22"><span class='ocrx_word' id='word_1_144' title='bbox 68 2823 132 2902; x_wconf 72' lang='lat' dir='ltr'><strong>&#39;cis‚</strong></span> <span class='ocrx_word' id='word_1_145' title='bbox 154 2823 256 2883; x_wconf 85' lang='lat' dir='ltr'>foratis</span> <span class='ocrx_word' id='word_1_146' title='bbox 279 2824 374 2884; x_wconf 87' lang='lat' dir='ltr'>media</span> <span class='ocrx_word' id='word_1_147' title='bbox 395 2839 499 2906; x_wconf 83' lang='lat' dir='ltr'>parte,</span> <span class='ocrx_word' id='word_1_148' title='bbox 522 2827 589 2888; x_wconf 87' lang='lat' dir='ltr'>hine</span> <span class='ocrx_word' id='word_1_149' title='bbox 610 2830 866 2900; x_wconf 77' lang='lat' dir='ltr'>concavis,=illina</span> <span class='ocrx_word' id='word_1_150' title='bbox 893 2853 967 2894; x_wconf 86' lang='lat' dir='ltr'>con·</span> 
     </span>
     <span class='ocr_line' id='line_1_26' title="bbox 69 2921 965 3012; baseline 0.013 -32"><span class='ocrx_word' id='word_1_151' title='bbox 69 2925 166 2995; x_wconf 73' lang='lat' dir='ltr'>sexis,</span> <span class='ocrx_word' id='word_1_152' title='bbox 178 2921 348 3002; x_wconf 79' lang='lat' dir='ltr'><strong>albissimis,</strong></span> <span class='ocrx_word' id='word_1_153' title='bbox 364 2923 575 3008; x_wconf 79' lang='lat' dir='ltr'>subdiaplianis</span> <span class='ocrx_word' id='word_1_154' title='bbox 585 2971 594 3000; x_wconf 86' lang='lat'><strong>‚</strong></span> <span class='ocrx_word' id='word_1_155' title='bbox 606 2927 734 3001; x_wconf 84' lang='lat' dir='ltr'>levibus,</span> <span class='ocrx_word' id='word_1_156' title='bbox 747 2929 965 3012; x_wconf 80' lang='lat' dir='ltr'><strong>snblrsgilibus.</strong></span> 
     </span>
     <span class='ocr_line' id='line_1_27' title="bbox 69 3020 965 3113; baseline 0.013 -31"><span class='ocrx_word' id='word_1_157' title='bbox 69 3023 153 3082; x_wconf 81' lang='lat' dir='ltr'>Haec</span> <span class='ocrx_word' id='word_1_158' title='bbox 173 3020 286 3082; x_wconf 84' lang='lat' dir='ltr'>secedit</span> <span class='ocrx_word' id='word_1_159' title='bbox 301 3043 357 3104; x_wconf 89' lang='lat' dir='ltr'>ope</span> <span class='ocrx_word' id='word_1_160' title='bbox 368 3023 581 3088; x_wconf 84' lang='lat' dir='ltr'><strong>sublimationis</strong></span> <span class='ocrx_word' id='word_1_161' title='bbox 596 3031 754 3090; x_wconf 78' lang='lat' dir='ltr'>ecamlars</span> <span class='ocrx_word' id='word_1_162' title='bbox 769 3033 875 3109; x_wconf 85' lang='lat' dir='ltr'>ernda,</span> <span class='ocrx_word' id='word_1_163' title='bbox 887 3053 965 3113; x_wconf 87' lang='lat' dir='ltr'>quae</span> 
     </span>
     <span class='ocr_line' id='line_1_28' title="bbox 66 3117 964 3216; baseline 0.011 -33"><span class='ocrx_word' id='word_1_164' title='bbox 66 3123 166 3205; x_wconf 84' lang='lat' dir='ltr'>specie</span> <span class='ocrx_word' id='word_1_165' title='bbox 188 3140 347 3203; x_wconf 81' lang='lat' dir='ltr'>granorum</span> <span class='ocrx_word' id='word_1_166' title='bbox 369 3117 569 3187; x_wconf 81' lang='lat' dir='ltr'>ssevicantium</span> <span class='ocrx_word' id='word_1_167' title='bbox 590 3127 734 3209; x_wconf 73' lang='lat' dir='ltr'>labetur,</span> <span class='ocrx_word' id='word_1_168' title='bbox 756 3145 964 3216; x_wconf 79' lang='lat' dir='ltr'>extractorum</span> 
     </span>
     <span class='ocr_line' id='line_1_29' title="bbox 67 3221 962 3309; baseline 0.011 -27"><span class='ocrx_word' id='word_1_169' title='bbox 67 3236 132 3282; x_wconf 87' lang='lat' dir='ltr'>tum</span> <span class='ocrx_word' id='word_1_170' title='bbox 163 3241 202 3280; x_wconf 82' lang='lat' dir='ltr'>ex</span> <span class='ocrx_word' id='word_1_171' title='bbox 230 3223 342 3308; x_wconf 76' lang='lat' dir='ltr'>arbore</span> <span class='ocrx_word' id='word_1_172' title='bbox 358 3221 423 3302; x_wconf 88' lang='lat' dir='ltr'><strong>illa,</strong></span> <span class='ocrx_word' id='word_1_173' title='bbox 444 3235 507 3286; x_wconf 88' lang='lat' dir='ltr'>tum</span> <span class='ocrx_word' id='word_1_174' title='bbox 528 3246 562 3286; x_wconf 85' lang='lat' dir='ltr'>ex</span> <span class='ocrx_word' id='word_1_175' title='bbox 583 3224 647 3287; x_wconf 83' lang='lat' dir='ltr'><strong>aliis</strong></span> <span class='ocrx_word' id='word_1_176' title='bbox 669 3227 796 3309; x_wconf 83' lang='lat' dir='ltr'>plantis,</span> <span class='ocrx_word' id='word_1_177' title='bbox 823 3229 962 3292; x_wconf 85' lang='lat' dir='ltr'>nimirum</span> 
     </span>
     <span class='ocr_line' id='line_1_30' title="bbox 66 3319 937 3401; baseline 0.01 -21"><span class='ocrx_word' id='word_1_178' title='bbox 66 3341 85 3380; x_wconf 85' lang='lat' dir='ltr'>e</span> <span class='ocrx_word' id='word_1_179' title='bbox 105 3319 271 3392; x_wconf 65' lang='lat' dir='ltr'>Zenonis,</span> <span class='ocrx_word' id='word_1_180' title='bbox 291 3321 427 3401; x_wconf 83' lang='lat' dir='ltr'>Melissa,</span> <span class='ocrx_word' id='word_1_181' title='bbox 450 3323 641 3386; x_wconf 85' lang='lat' dir='ltr'>llarernarino</span> <span class='ocrx_word' id='word_1_182' title='bbox 662 3341 692 3386; x_wconf 86' lang='lat' dir='ltr'>et</span> <span class='ocrx_word' id='word_1_183' title='bbox 714 3327 821 3389; x_wconf 85' lang='lat' dir='ltr'>Salvia.</span> <span class='ocrx_word' id='word_1_184' title='bbox 935 3345 937 3358; x_wconf 80' lang='lat'><strong>¹</strong></span> 
     </span>
    </p>

    <p class='ocr_par' dir='ltr' id='par_1_7' title="bbox 69 3419 992 3612">
     <span class='ocr_line' id='line_1_31' title="bbox 107 3419 992 3505; baseline 0.011 -25"><span class='ocrx_word' id='word_1_185' title='bbox 107 3419 261 3499; x_wconf 77' lang='lat' dir='ltr'>Propi-iet.</span> <span class='ocrx_word' id='word_1_186' title='bbox 283 3420 370 3480; x_wconf 89' lang='lat' dir='ltr'>Odor</span> <span class='ocrx_word' id='word_1_187' title='bbox 391 3421 561 3502; x_wconf 81' lang='lat' dir='ltr'>singularis,</span> <span class='ocrx_word' id='word_1_188' title='bbox 581 3423 848 3505; x_wconf 76' lang='lat' dir='ltr'>fragrantissimus,</span> <span class='ocrx_word' id='word_1_189' title='bbox 867 3428 960 3490; x_wconf 80' lang='lat' dir='ltr'>fortis.</span> <span class='ocrx_word' id='word_1_190' title='bbox 990 3452 992 3464; x_wconf 62' lang='lat'><em>¹</em></span> 
     </span>
     <span class='ocr_line' id='line_1_32' title="bbox 69 3518 960 3612; baseline 0.009 -30"><span class='ocrx_word' id='word_1_191' title='bbox 69 3519 166 3604; x_wconf 84' lang='lat' dir='ltr'>Sepor</span> <span class='ocrx_word' id='word_1_192' title='bbox 196 3518 292 3602; x_wconf 78' lang='lat' dir='ltr'>acris,</span> <span class='ocrx_word' id='word_1_193' title='bbox 319 3525 513 3605; x_wconf 85' lang='lat' dir='ltr'>aromaticus,</span> <span class='ocrx_word' id='word_1_194' title='bbox 542 3524 776 3607; x_wconf 66' lang='lat' dir='ltr'>substantificans,</span> <span class='ocrx_word' id='word_1_195' title='bbox 808 3529 838 3588; x_wconf 90' lang='lat' dir='ltr'>in</span> <span class='ocrx_word' id='word_1_196' title='bbox 862 3530 960 3612; x_wconf 76' lang='lat' dir='ltr'>lingna</span> 
     </span>
    </p>
   </div>
   <div class='ocr_carea' id='block_1_5' title="bbox 0 0 1208 4148">
    <p class='ocr_par' dir='ltr' id='par_1_8' title="bbox 0 0 1208 4148">
     <span class='ocr_line' id='line_1_33' title="bbox 0 0 1208 4148; baseline 0 3"><span class='ocrx_word' id='word_1_197' title='bbox 0 0 1208 4148; x_wconf 95' lang='lat' dir='ltr'> </span> 
     </span>
    </p>
   </div>
  </div>
 </body>
</html>
