2408 4148
178 239 182 248 ’
244 315 245 320 ,
280 281 435 362 urrann
459 281 745 336 ιιιιιιιιιιιιιιοι
909 263 957 338 23

96 397 253 480 Pruprr'en
275 395 363 459 Odor
382 399 531 482 fragrans,
566 402 683 474 suasis,
712 397 871 483 praecipue
890 421 961 464 cum

55 499 180 560 fricatur
195 510 248 560 aut
260 499 366 561 calefit.
379 501 475 582 Sapor
487 499 638 560 subdulcia
650 542 660 578 ,
681 499 865 563 balsamicus.
876 503 961 564 Man·

56 599 203 660 ducatum
225 598 303 660 inter
323 601 428 662 dentes
449 598 555 662 abitio
570 599 714 675 frustula,
735 601 787 662 sed
802 601 884 664 hand
899 603 960 666 sol·

55 698 159 762 vituts
183 700 305 762 admota
317 697 437 762 llamma
452 699 582 762 ardescit
595 721 663 762 eum
678 699 794 782 fulgore
815 713 846 764 et
857 701 959 766 sunto:

55 811 196 884 superest
216 800 307 862 carbo
328 798 431 882 niger,
451 799 626 882 splendens,
644 799 772 882 fragilis,
793 821 898 864 manus
918 805 960 864 in·

53 902 193 984 quinans.
205 899 252 962 Ad
263 902 361 980 'igneni
373 899 521 974 funditur,
534 911 665 982 spumat,
685 900 859 982 fumumque
874 922 959 986 spar-

54 1000 98 1084 git
121 999 226 1062 odoris
248 991 333 1080 groti.
355 1000 388 1058 ln
408 997 512 1082 spiritu
534 997 593 1062 vini
614 998 736 1061 omnino
753 1001 894 1076 solvitur,
914 1021 960 1064 so·

52 1103 172 1164 lotione
207 1099 365 1162 ssavicaute
403 1098 560 1161 subrutilo.
595 1102 681 1182 Aqua
716 1098 860 1185 agitatum
891 1101 960 1164 huic

52 1201 191 1263 haeum
211 1197 337 1282 largitur
357 1198 508 1272 colorem,
537 1199 620 1280 quod
646 1201 695 1261 lac
718 1213 843 1260 vocatur
862 1202 960 1282 uirgi-

53 1323 155 1364 neum.
167 1299 232 1361 Nec
247 1303 276 1360 in
290 1297 354 1360 fixis
369 1298 493 1362 solvitur
513 1299 586 1362 oleis
608 1321 661 1362 nec
682 1298 712 1360 in
734 1299 960 1379 essentialibus,

55 1423 112 1462 nec
133 1399 166 1460 iu
189 1421 284 1481 aqua:
304 1397 375 1460 huic
396 1409 514 1475 temen,
537 1419 594 1481 ope
614 1398 806 1482 digestionis,
825 1399 959 1483 impertit

55 1501 241 1584 fragrantem
263 1499 388 1562 odorem
409 1511 440 1560 et
459 1497 573 1581 sapon‘s
593 1498 787 1580 aliquantum.
819 1499 958 1564 Blandis·

61 1603 135 1662 simo
155 1599 258 1663 calore
279 1611 473 1682 evaporstum
503 1601 594 1662 salem
625 1600 745 1696 largitur
760 1600 960 1664 essentialem

61 1699 199 1778 acidum,
220 1697 392 1760 similem
368 1721 416 1780 er,
449 1721 539 1782 quem
563 1722 580 1762 e
600 1701 746 1776 Benace,
780 1720 837 1782 cpe
864 1699 958 1762 subli·
981 1721 984 1728 ’

56 1801 215 1878 metionis,
229 1798 427 1862 nanciscimur
433 1801 555 1882 ,flores
568 1804 699 1864 Βιιιιοέι
713 1813 871 1884 vocatum,
885 1819 957 1860 acu·

55 1901 114 1964 bus
134 1901 327 1984 longiusculis
348 1883 545 1964 constantem.

55 2059 277 2126 BlSTORTA.
299 2061 444 2124 Bistorta.
465 2025 572 2125 Radix.

140 2183 334 2266 Polygonum
355 2185 489 2246 Bistortu
508 2183 544 2246 L.
569 2151 572 2156 Ι

98 2301 211 2362 Locus.
233 2298 356 2362 Habitat
375 2298 406 2360 in
427 2299 576 2362 montibus
590 2301 752 2384 Europae,
772 2299 957 2377 Lusitaniae,

60 2399 153 2463 etiam
173 2397 332 2481 inpiatis.
363 2399 469 2461 Floret
500 2420 555 2481 per
584 2411 681 2462 totam
713 2409 876 2462 aestatem,
897 2401 957 2464 Pe·

59 2495 173 2563 reninis.

99 2601 231 2660 Forma.
252 2597 348 2659 Radix
368 2597 601 2681 subcylindrics‚
623 2611 720 2676 torta,
740 2599 891 2676 llcxudse,
911 2602 957 2664 di-

62 2698 160 2782 gitum
181 2717 300 2774 crassa,
327 2699 565 2776 extuscinerea,
599 2699 760 2779 annulata,
791 2721 843 2780 per
862 2710 958 2762 totam

60 2795 248 2880 superficiem
268 2795 383 2856 fibrillis
404 2795 511 2860 cincta.
540 2799 745 2898 Parenclpymo
765 2796 891 2860 recentis
912 2809 957 2860 est

60 2915 224 2973 corneum,
245 2895 437 2972 exalbidum,
427 2896 551 2958 ·siccse
570 2897 697 2958 solidum
708 2877 876 2979 ,ἱιιὸἱ1ι,
889 2896 956 2979 pal·

60 2997 154 3058 lidum
175 3005 230 3058 aut
249 2995 357 3057 rufum

99 3093 254 3175 Propriet
276 3093 363 3154 Odor
383 3091 488 3156 rs'dicis
502 3093 629 3158 recentis
645 3091 796 3156 Nesturtio
817 3094 954 3177 aquatico

62 3189 297 3269 similis,'s1ccae
317 3190 425 3254 nullus.
447 3192 543 3276 Sapor
562 3196 687 3256 recentis
707 3192 777 3256 satis
797 3193 955 3277 stypticus,

63 3291 160 3354 siccae
180 3215 276 3393 dupino
298 3289 402 3355 minua
