2418 4146
288 283 442 333 aurnum
470 283 756 334 emaulcnnntcl
901 281 962 330 121

72 417 143 459 mox
165 395 313 470 nativum,
344 398 536 460 Crnnrredtio
555 409 663 476 fresta,
693 395 732 458 ad
753 395 966 478 Schnecberq,

71 509 99 559 et
119 499 271 560 Bomaren
289 497 321 559 in
335 499 446 563 ducatu
459 497 684 582 Limbnrgemi3
706 501 735 558 in
749 495 893 560 mineram
908 515 966 579 opo

70 598 146 660 acidi
167 597 248 660 aerei
268 614 299 662 et
318 599 438 662 rulluria
459 601 616 662 reductum
646 597 728 661 etin
752 598 849 660 lomna
868 596 966 660 calcio.

69 721 96 762 v.
119 700 217 782 Lapis
237 703 448 762 calaminnrr'r.

106 802 237 862 Formo.
259 799 383 861 Zincum
413 812 458 863 ert
489 799 716 862 remimetallum
743 781 967 860 albo-coerule-

69 921 171 979 ooenr,
202 901 382 984 splendeur,
411 899 539 964 maxime
570 923 630 984 qua
657 902 819 983 frangitur,
849 898 966 962 laminir
1086 905 1088 910 '

69 1003 267 1085 componitum
288 1013 341 1062 out
362 1000 509 1063 lacicculir
529 999 705 1078 imbricatir,
725 1020 798 1085 quer
812 1001 966 1062 interdum

69 1103 201 1164 oriculae
222 1103 372 1185 perforare
394 1101 541 1163 videntur.

107 1201 261 1286 Propriet.
288 1201 407 1264 Nullum
437 1201 529 1264 habet
559 1202 700 1279 odorem,
732 1219 789 1262 nec
819 1219 965 1284 uaporem.

68 1305 208 1365 Gravitas
230 1301 367 1386 specifica
395 1301 450 1363 luri
476 1313 520 1363 cat
541 1300 661 1383 71‚908.
693 1303 827 1362 Brirron.
857 1300 967 1362 Molleo

68 1405 218 1487 pulsatum
239 1423 400 1486 parumper
419 1401 562 1476 mollitur,
581 1401 780 1484 nequicquam
801 1422 873 1465 vero
895 1419 967 1484 pan·

68 1501 159 1565 ditur.
183 1501 249 1566 aeri
272 1505 439 1586 expositum
461 1501 649 1583 splendorem
670 1498 793 1564 amittit:
815 1499 854 1561 ad
868 1499 967 1580 ignem

68 1603 149 1664 haud
171 1605 254 1685 priua
274 1601 429 1666 inculcem
442 1601 522 1677 abit,
543 1623 635 1684 quarn
649 1603 768 1683 fusum,
791 1601 844 1663 aed
858 1601 967 1663 obscu-

68 1701 134 1763 rius
155 1699 201 1762 fir.
223 1701 258 1760 ln
278 1720 351 1762 vare
370 1700 471 1762 clanro
491 1701 590 1762 lurum
610 1699 788 1761 rublimatur
805 1699 880 1764 citra
899 1721 967 1783 par·

68 1799 230 1862 ticularum
250 1819 411 1876 receerum3
432 1811 565 1862 attamen
586 1803 660 1863 alitia
689 1815 828 1863 conmctu
857 1799 889 1860 in
909 1800 967 1861 cul·

69 1921 137 1962 cem
167 1899 339 1983 superficies
371 1899 518 1962 cinereum
547 1905 681 1964 vertitur.
712 1907 808 1964 Aucto
839 1901 967 1984 denique

67 1999 137 2084 igne
158 2000 319 2078 hactenns,
339 2012 374 2062 ut
394 2003 508 2064 rincum
530 2001 702 2076 candescat,
723 2002 894 2062 accenditur
914 2021 967 2062 ru-

67 2099 131 2161 bito
152 2111 183 2161 et
195 2098 315 2161 flamma
328 2101 426 2178 claro,
446 2101 687 2164 coenulae-viridi
701 2101 806 2178 ardet,
826 2101 967 2164 avolante

68 2201 150 2262 calce
173 2198 276 2262 lloccir
297 2212 349 2262 aut
370 2198 488 2264 aciculis
509 2201 705 2264 subtilissimis
736 2213 767 2264 et
791 2200 967 2265 candidissi-

68 2299 144 2374 mis,
165 2301 274 2384 quibus
295 2321 404 2364 nomen
417 2303 538 2385 florum
558 2307 638 2364 zinci
665 2318 717 2365 aut
744 2305 837 2365 lanae
862 2306 967 2386 philo·

66 2401 212 2482 sophicae
232 2401 419 2484 impertitur:
437 2423 471 2464 ea
493 2404 655 2466 substantie
677 2406 797 2466 demum
817 2404 886 2487 igne
907 2405 968 2467 sor·

68 2499 184 2567 tiraimo
204 2511 338 2562 mutatur
358 2505 387 2561 in
408 2499 519 2562 vitrum
540 2501 694 2564 fluvidum.
717 2505 795 2565 Cum
815 2501 851 2568 iio
864 2501 966 2564 iloccir

67 2598 124 2660 alia
145 2600 313 2660 subotantia
333 2598 526 2681 sublimatur,
547 2599 669 2662 laminae
701 2603 883 2663 constituens
914 2615 967 2663 ant

66 2695 190 2761 tubulos
210 2699 312 2761 cortici
332 2699 473 2761 arborum
494 2701 616 2773 similem
640 2721 715 2782 quoe
742 2702 804 2782 ipra
830 2711 874 2763 eat
903 2721 968 2762 me·

68 2797 130 2860 tolli
152 2797 222 2859 calx
240 2795 377 2880 impura,
399 2801 476 2862 tutia
501 2797 626 2858 officinis
658 2797 747 2860 elicta.
776 2797 967 2860 Mediocriter

67 2899 178 2962 durum
192 2908 238 2960 ert
250 2911 281 2959 et
293 2897 514 2980 ponderosum,
530 2899 630 2958 colore
643 2898 816 2978 obscurum,
837 2899 965 2962 exterior

66 2995 242 3079 inaequale,
263 2998 342 3059 intur
363 2995 497 3079 glabrum
519 3008 549 3058 et
569 2995 719 3060 llavicana.
752 2999 900 3062 Nonnulla
919 3011 966 3062 est

65 3095 280 3170 aubcoerulea‚
300 3117 356 3179 pro
377 3094 491 3157 ratione
505 3095 628 3158 admixti
643 3097 716 3158 cinci
729 3094 874 3160 metallici.
895 3098 967 3162 Sol·

65 3197 146 3257 vitun
168 3193 285 3257 rincum
306 3197 338 3257 in
358 3193 444 3257 acido
470 3194 564 3263 diluto
593 3195 713 3272 marioli,
744 3197 859 3258 fortiter
884 3197 967 3262 eller·

66 3315 212 3366 vescens,
232 3295 350 3371 calore,
370 3296 484 3358 foetore
505 3305 535 3357 et
554 3296 638 3358 sumo
664 3295 837 3376 flagrantiae
865 3302 966 3381 capaci
1078 3307 1081 3314 '

66 3395 179 3457 editis:
201 3395 275 3457 hoec
296 3394 405 3457 rolutio
427 3408 588 3481 evaporata
608 3411 640 3459 et
660 3399 689 3458 in
703 3399 855 3482 crystallor
869 3419 966 3474 verra,

65 3495 237 3579 appellatur
260 3496 423 3559 Vitrlolum
444 3499 524 3559 zinci
544 3518 596 3558 reu
609 3498 721 3560 album.
742 3497 858 3562 Pariter
877 3499 966 3564 solvi·

150 3593 275 3657 Panna.
296 3597 491 3660 Lustraruca
772 3617 804 3659 tr

1189 3529 1199 3624 l
