2408 4148
279 333 436 384 narrans
460 335 750 388 rnsnnrcrurrcr
940 341 965 416 9

59 500 221 564 ActDUM
242 504 439 571 VITRlOLl
466 509 543 572 Oleo
563 513 602 573 de
622 511 754 574 vitriolo.
782 510 832 571 Sal
862 509 966 576 acidus

97 603 261 669 mineralis.
527 637 531 644 ⁴

99 747 210 809 ίοοιιι.
234 748 388 830 Semper
380 761 516 813 sunctum
537 754 685 834 reperitur
705 774 774 816 cum
795 753 965 840 alcelibus,

56 850 163 928 terris,
192 847 319 910 metallis
348 851 547 934 quibusdam,
580 874 650 914 cum
678 853 850 937 phlogisto,
880 855 963 920 unde

57 967 113 1030 ope
132 950 292 1031 peculiaris
313 951 476 1014 extrahitur
497 953 689 1036 operationis.

91 1051 224 1106 Forma.
240 1052 366 1106 Acidum
380 1053 492 1109 vltrioli
506 1067 553 1111 est
567 1055 610 1112 sal
624 1054 726 1118 acidus
740 1043 881 1140 liquidus,
891 1058 964 1120 dum

58 1167 172 1227 purus,
194 1145 360 1227 pellucidus
382 1159 413 1208 et
433 1169 529 1230 aquae
549 1147 644 1218 instar
665 1156 781 1228 clarus,
801 1157 853 1215 sed
872 1157 966 1238 vulgo

56 1245 230 1328 nigrescens
261 1245 302 1307 ob
332 1248 453 1310 sordess
486 1249 543 1311 olei
572 1272 657 1312 more
684 1251 772 1332 fluit,
806 1252 964 1340 digitisque

57 1357 220 1407 tractatum
243 1344 355 1427 pariter
382 1348 518 1410 oleosum
543 1350 681 1414 videtur·
712 1349 782 1414 hinc
812 1353 965 1440 illegitime

57 1447 229 1530 appellatur
249 1447 349 1508 oleum
371 1449 489 1512 vitrioli.

98 1547 256 1628 Propriet.
270 1547 375 1609 Nullus
396 1549 481 1611 odor.
497 1549 594 1633 Sapor
607 1521 676 1616 satis
697 1555 839 1637 stypticns
860 1569 891 1618 et
904 1557 965 1618 aci·
971 1569 975 1577 '

66 1647 206 1709 discimus.
229 1647 352 1710 Pondus
374 1649 545 1730 specificum
567 1651 700 1734 duplum
720 1655 780 1716 fere
801 1669 848 1718 est
868 1677 964 1739 aquae

64 1747 249 1819 destinatae,
279 1751 348 1828 qula
376 1746 484 1810 vitrum
505 1753 609 1812 unciae
629 1755 716 1814 unlus
736 1774 833 1836 aqsrae
852 1775 964 1837 capax,
998 1765 1005 1774 ‘

60 1851 178 1910 unciam
199 1867 291 1908 unam
312 1857 344 1906 et
357 1857 398 1926 -ξ-
413 1865 511 1933 partes
531 1848 620 1914 huius
643 1849 717 1912 acidi
733 1851 964 1916 continentior·

61 1951 137 2012 rodit
158 1963 191 2012 et
212 1949 341 2011 destruit
362 1950 501 2012 materies
514 1945 688 2032 flagrantiae
702 1969 824 2032 capaces
839 1952 877 2011 ad
892 1954 963 2033 ignis

63 2052 172 2130 instar,
193 2048 225 2110 in
245 2071 352 2112 verum
373 2049 535 2114 carbonem
556 2069 606 2111 eas
627 2051 781 2111 reducens.
804 2051 836 2111 ln
857 2071 964 2112 cucur·

62 2149 122 2210 bita
144 2151 318 2212 calefactum
341 2149 437 2234 perdit
458 2149 593 2232 protinus
615 2171 711 2232 aquae
731 2164 862 2232 partem,
891 2173 963 2214 con·

62 2263 234 2324 coutantur,
255 2249 363 2331 partim
384 2250 416 2311 io
438 2270 564 2332 vapores
586 2250 705 2311 volatile
726 2249 805 2321 abit,
823 2262 854 2311 et
874 2251 962 2312 sico·

62 2350 122 2410 lore
143 2347 259 2429 insigne
281 2364 374 2428 esset,
394 2349 526 2410 colorem
548 2347 660 2409 amittit
681 2369 716 2408 ac
736 2349 880 2411 clarescit.
895 2353 962 2411 neri

63 2450 232 2531 expositum
254 2447 377 2508 attrahit
396 2449 458 2508 fere
480 2447 602 2530 duplum
625 2447 765 2530 ponderis
786 2447 971 2528 humorum‚'

61 2547 170 2630 quibus
192 2546 323 2607 demitur
344 2551 375 2606 et'
395 2545 512 2607 roboris
528 2556 559 2606 et
573 2549 721 2606 causticae
735 2549 777 2610 vis
791 2547 961 2628 plurimum.

62 2651 286 2728 Unitur'uquae
307 2646 386 2722 cito,
415 2667 485 2706 curn
512 2648 629 2709 fervore
660 2667 828 2730 magnoque
858 2661 961 2729 aestu,

62 2750 154 2831 idque
175 2747 358 2809 connubium
380 2769 436 2808 nec
455 2746 566 2829 frigore
578 2749 773 2831 congelascit,
796 2769 852 2808 nec
865 2770 961 2830 aquae

64 2847 309 2932 congelationem¹
330 2846 485 2929 permittit.
521 2848 637 2926 Quodsi
669 2849 741 2908 itero
771 2847 853 2908 omni
883 2871 963 2931 aqua

64 2954 208 3033 privatum
230 2963 294 3025 est,
324 2949 504 3030 congelascit
529 2949 567 3010 ad
594 2969 627 3009 rs
648 2983 688 2998 ·-
713 2948 748 3008 ιδ
774 2950 882 3030 gradus
902 2953 960 3014 sub

65 3061 175 3134 puncto
196 3047 406 3134 congelationis
427 3047 633 3110 thermometri
653 3037 961 3112 Renuniuriani.Uni-

68 3159 112 3208 tur
139 3148 291 3228 alcalibus,
324 3145 409 3208 terris
437 3146 615 3229 quibusdam
643 3159 674 3206 et
705 3145 848 3223 metallis,
880 3149 960 3211 unde
1068 3173 1075 3184 ’

67 3247 144 3312 varia
165 3247 295 3310 existunt
316 3267 442 3333 corpore
463 3258 579 3310 neutru-
658 3317 661 3324 ¹
