2418 4146
120 247 124 254 ⁵
243 269 316 340 '122
625 290 706 344 vias
730 297 751 344 1.
776 335 780 342 .

236 414 295 466 *tur
313 401 345 464 in
365 400 452 466 acido
463 401 594 480 nitroso,
613 426 731 471 summo
743 407 875 487 fervore,
897 405 993 478 colora
1008 417 1039 470 et
1052 405 1138 469 fumo

242 502 427 566 rubicundo:
447 525 526 587 quae
546 505 673 582 solutio,
693 506 828 591 protinus
850 506 1008 570 subviridis
1028 520 1060 568 et
1073 520 1137 568 tur·

241 601 328 680 bida,
340 603 415 666 vdein
435 603 570 667 clarescit
589 617 621 666 et
640 627 735 689 aquae
756 607 794 668 ad
815 609 906 670 instat·
917 605 1066 690 pellucido
1081 617 1135 668 est„

242 700 286 760 ln‘
295 699 382 762 acido
402 701 516 763 marino
537 703 653 764 fervore
675 702 782 765 minori
798 702 934 790 solvitur,
954 703 1006 764 sed
1021 702 1137 766 foetore

243 811 275 861 et
293 799 375 862 lumo
388 800 692 884 flagrantiaocapacir
713 804 820 864 solutio
831 813 876 864 est
887 803 976 866 clara.
998 803 1033 864 ln
1048 802 1136 866 addo

242 899 483 963 nitroso-marino
504 922 558 964 seu
579 922 656 984 aque
676 901 759 986 regia
779 902 903 966 solvitur
923 923 992 965 curn
1019 901 1136 966 fervore

243 1010 275 1062 et
293 1014 393 1078 aestu,
412 1000 556 1062 solutione
577 999 664 1062 flava.
686 1001 719 1060 ln
739 1013 824 1064 aceto
845 1000 905 1062 vini
924 1021 1032 1083 parum
1045 999 1137 1064 solvi·

192 1089 197 1097 ¹
243 1114 305 1174 tur,
325 1099 406 1162 clara
425 1099 580 1162 solutione.
601 1100 636 1160 lo
656 1099 796 1182 sulphure
825 1120 881 1162 nec
906 1099 1055 1174 solvitur,
1084 1101 1135 1162 scd

242 1222 311 1264 cum
333 1221 370 1262 eo
400 1204 548 1263 miscetur.
575 1201 654 1262 Cum
680 1200 826 1262 nonnullis
848 1199 973 1264 metallis
993 1198 1135 1282 iungitur,
1159 1185 1164 1196 ⁵

141 1323 152 1334 ·
244 1322 261 1364 c
282 1322 345 1383 quo
365 1301 516 1364 connubio
535 1304 665 1363 nascitur
684 1299 877 1364 orichalcum.

244 1461 654 1544 ztltolssssttcoMMUttE
668 1484 691 1525 s.
702 1463 849 1526 ALBUM.
865 1461 1018 1544 Gergitre.
1029 1461 1135 1526 Radix.

323 1585 490 1646 Amomrrm
510 1583 653 1664 Zingr‘ler
672 1584 708 1644 L.

284 1705 393 1766 Locua
420 1703 541 1765 Habitat
569 1702 600 1764 in
625 1702 709 1765 lodie
730 1701 886 1784 orientali,
906 1703 1086 1786 praesertim
1105 1704 1135 1766 in

243 1802 395 1864 montibus
415 1805 493 1864 circa
513 1803 626 1884 Ganga,
646 1801 726 1864 unde
746 1823 854 1864 nomen
868 1801 987 1865 duxisse
1001 1803 1132 1866 videtote

243 1901 351 1966 crescit
369 1923 491 1984 quoque
510 1901 543 1966 in
562 1901 742 1979 Malabaria,
764 1902 918 1986 ecyrum,
940 1902 1057 1980 China;
1085 1925 1133 1964 co·

241 2003 314 2064 litun
333 2005 363 2064 in
382 2001 497 2064 Antillis
517 2013 549 2064 et
568 2002 700 2064 Brasilio.
721 2003 870 2064 Perennis.

282 2101 410 2164 Forma.
431 2099 525 2162 Radix
545 2120 646 2162 vccenr
667 2110 711 2162 ast
732 2101 889 2178 tubarora,
916 2100 1051 2178 nodosa,
1082 2124 1134 2163 an·

244 2200 362 2275 nulata,
390 2211 477 2262 extus
496 2199 578 2272 alba,
609 2203 726 2262 cinerea
745 2214 798 2262 aot
822 2199 981 2282 flavienus,
1008 2223 1136 2284 rugosa.

243 2322 379 2382 ramosa,
398 2301 527 2364 cuticula
547 2303 704 2363 tenerrima
725 2298 843 2362 vestita.
864 2301 1068 2384 Parenolryrna
1094 2318 1137 2366 est

244 2424 419 2482 namucum,
439 2401 566 2476 ssavum,
588 2401 670 2484 qnod
686 2398 872 2467 transversim
884 2417 998 2463 sectum
1011 2403 1137 2486 aequale

243 2504 372 2585 videtur,
392 2502 513 2564 annullo
533 2500 665 2564 cennali.
691 2499 834 2564 Radicem
855 2504 960 2562 siccam
991 2502 1138 2566 habemus

245 2603 393 2668 influatis
412 2602 617 2685 longiusculis,
638 2601 762 2664 ramosis
775 2611 828 2663 aut
840 2601 975 2679 furentis,
995 2603 1137 2665 rubeom-

246 2702 374 2788 pressis,
389 2703 628 2781 ovato-nodosis,
643 2699 963 2778 cinereo-rubicundis,
974 2703 1138 2786 parenchy·

246 2817 327 2868 mete
347 2804 433 2882 albo,
453 2799 575 2864 maculis
594 2799 709 2862 flavidis
728 2820 902 2882 consperto,
922 2799 1007 2862 nodis
1021 2800 1138 2884 fragili,

247 2916 279 2968 et
298 2903 428 2984 libroso,
450 2925 510 2985 qua
528 2903 679 2982 frangitur.

288 3005 436 3083 Proprias.
458 3001 544 3066 Odor
563 3001 702 3084 fragrans.
729 2999 825 3080 Sapor
855 2998 1013 3076 vellicans,
1044 3005 1138 3074 acris.

157 3142 162 3154 ι
245 3103 430 3174 aromaticus.
