2418 4146
282 297 447 376 atreum
463 287 746 377 amauscaurros
894 325 963 400 ¹⁰9

55 435 169 496 therm.
182 433 336 499 Falrreuh.
351 443 389 498 At
402 451 474 498 tunc
487 439 583 522 perdit
600 437 840 519 pelluciditatem.
852 437 960 500 Psonis

51 535 221 610 iniectum,
252 537 338 598 ardet
367 539 488 600 llamma
510 539 638 623 pallida,
666 539 749 599 l'umo
780 537 862 600 edito
894 539 963 599 albo

21 625 24 628 ¹
52 636 170 719 spisso,
191 640 389 700 suaveolente.
412 643 473 700 Nec
494 643 524 701 in
545 661 624 721 aqua
645 660 699 700 nec
712 633 757 699 ‘iu
778 637 883 721 spiritu
903 643 963 701 vini

50 738 201 799 solvitur:
217 758 285 799 cum
300 740 347 799 hic
362 751 408 801 eet
423 737 703 812 rectificatissimus,
721 737 755 799 fit
769 736 961 800 rubicundus.

52 837 193 898 Solvitur
211 837 242 897 in
264 837 350 899 acido
373 837 502 911 vitrioli,
533 836 582 898 cui
602 839 735 898 colorem
756 837 878 898 rubrum
901 837 962 898 im·

52 935 168 1018 pertit3
189 956 227 997 ex
247 956 285 997 eo
306 950 407 1002 autem
429 956 525 1018 aquae
545 956 603 1019 ope
624 933 847 1018 praecipitatur.

53 1096 230 1160 surana.
254 1096 404 1176 anasse.

141 1213 250 1294 Sutfur
270 1217 423 1294 nativum,
446 1214 493 1276 vel
512 1212 688 1295 Phlogiston
709 1211 854 1276 minerale
877 1211 963 1274 acido

182 1311 294 1374 vitrioli
314 1317 457 1374 iunctum.
481 1311 647 1376 Cromtedt.

99 1435 215 1496 Locus.
236 1436 405 1496 Invenitur:
446 1455 470 1496 r.
492 1435 646 1507 nativum,
675 1432 706 1494 io
735 1432 835 1494 frustis
855 1431 961 1495 solutis

54 1534 162 1597 variae
183 1534 323 1618 figurae,
344 1555 422 1616 quae
454 1554 543 1594 venas
566 1533 692 1616 rupibus
712 1531 881 1594 interiectas
902 1533 962 1592 lor·

55 1650 143 1696 mant
156 1681 166 1710 ,
198 1647 251 1695 aut
276 1639 305 1695 in
336 1633 432 1717 parvis
453 1634 571 1710 lutatis,
606 1655 683 1715 quae
703 1654 793 1716 rupes
814 1631 963 1693 calcareas

57 1737 141 1798 claua
170 1750 288 1796 montes
318 1724 486 1816 ignivomus
512 1747 677 1816 occupant:
711 1755 790 1794 nunc
817 1733 963 1816 crystallis

56 1835 175 1918 pallidis
195 1833 445 1915 transparentibus
473 1844 525 1895 aut
554 1831 781 1915 semipellucidis
808 1835 963 1912 octogonis

56 1957 113 1998 seu
135 1932 341 1996 rhomboideis
361 1933 394 1994 io
414 1931 511 1996 caveis
532 1932 647 2015 quomis
669 1931 729 1993 iam
750 1933 848 1994 forma
867 1930 963 1992 acicu-

58 2037 159 2096 larum
179 2032 346 2095 natantium
366 2032 398 2093 iu
418 2031 574 2116 superficie
605 2053 752 2114 aquarum
779 2033 963 2100 mineralium

60 2135 247 2208 calidarum,
279 2149 332 2195 aut
361 2131 440 2194 eirca
461 2147 578 2195 montes
599 2132 788 2213 iguiv0m0s3
817 2154 845 2193 a.
866 2145 964 2193 terrae

60 2235 235 2318 argillaceae
257 2233 406 2309 mixtum
437 2237 465 2295 3.
487 2248 568 2294 arcte
588 2231 724 2294 iunctum
748 2247 842 2293 terrae
865 2232 965 2293 calca·

61 2357 153 2414 reae,
182 2350 217 2396 ut
242 2329 340 2416 hepar
359 2337 504 2415 audierim
534 2333 564 2410 4.
585 2332 666 2394 ferro
687 2333 868 2416 argillaeque
889 2355 966 2416 nup·

60 2450 145 2506 tum,
165 2433 247 2495 unde
269 2433 433 2494 extrahitur
455 2432 662 2493 sublimatione
684 2431 779 2493 sulfur
800 2428 965 2510 usitatum,

59 2537 97 2598 de
119 2555 181 2616 quo
204 2553 303 2594 sermo
324 2543 391 2605 est;
410 2531 439 2593 5.
463 2531 587 2593 metallis
601 2534 754 2610 iunctum,
775 2552 853 2616 quae
868 2529 899 2592 io
914 2533 966 2592 mi·

59 2655 148 2698 ueras
168 2631 298 2694 reducit.
345 2709 351 2718 ,

100 2737 232 2798 Forma.
253 2731 368 2810 'Sullur
399 2731 545 2793 usitatum
576 2746 629 2792 aut
662 2729 764 2792 venale
791 2742 835 2792 est
857 2752 964 2814 eorpus

59 2835 211 2908 solidum,
232 2836 363 2907 siccum,
383 2835 509 2914 durum,
531 2833 585 2894 sed
600 2831 763 2894 admodum
778 2829 892 2913 fragile,
914 2853 965 2892 co·

60 2936 127 2997 lore
149 2933 251 3014 flavo,
274 2931 385 2994 tubulis
399 2948 451 2994 aut
464 2925 564 3022 frustis
583 2931 715 3012 levibus,
737 2920 965 3014 quaemanibus

59 3057 250 3118 compressa,
271 3035 457 3116 franguntur.

101 3137 257 3216 Proprirt.
271 3135 357 3195 Odor
378 3135 486 3196 nullus.
503 3131 599 3216 Sapor
612 3135 673 3194 sere
686 3130 841 3214 insipidus.
855 3133 966 3218 Rasum

62 3231 274 3319 acquirit-vim
294 3233 484 3312 attrahendi,
505 3255 558 3296 sou
584 3234 760 3294 electricam.
781 3230 847 3314 lgni
870 3231 968 3314 impo-

60 3340 153 3399 situm
174 3337 204 3396 in
225 3355 295 3396 vase
314 3334 438 3413 clauso,
469 3331 603 3394 mollitur
623 3349 655 3395 et
679 3325 842 3428 funditur(
867 3333 966 3394 colore

59 3436 145 3500 ssavo
165 3432 199 3496 io
219 3433 345 3496 viridem
365 3445 417 3496 aut
436 3433 562 3496 rubrum
583 3445 718 3515 mutato,
751 3433 845 3495 odore
866 3454 967 3516 sparso

59 3539 178 3600 foetido
198 3549 228 3597 et
249 3535 424 3597 suffocante.
445 3536 517 3618 lgue
537 3528 628 3597 aucto
641 3533 738 3620 pulvis
759 3533 856 3598 ssavus
878 3534 966 3596 subli-

145 3639 270 3701 Pusau.
292 3638 484 3699 Lustrssrcr
514 3669 518 3681 ι
651 3639 655 3648 ’
851 3656 886 3696 ro
