2408 4148
230 307 275 355 22
606 303 687 354 PARS
714 307 737 354 1.

167 469 170 474 ¹
225 475 593 541 Balentiumectetzto.
616 473 861 539 Gummi-resina.
985 469 988 474 ’

305 598 443 678 ignotum
465 616 558 677 genus
578 597 708 678 plautae.

266 719 375 780 Locus.
397 715 547 776 Invenitur
567 714 597 775 in
619 715 725 778 Arabia
748 726 778 777 et
798 714 890 776 ludia.
911 713 1017 776 Arbor.

266 819 392 876 Forma.
415 813 648 876 Gummi-resina
668 813 699 875 iu
720 813 848 875 lacrimis
869 821 923 874 adt
944 810 1058 895 granis,
1080 832 1140 873 ce·

225 937 361 978 rasorum
383 915 528 976 maiorum
550 916 649 991 mole,
685 915 853 997 angulatis,
884 925 969 974 extus
998 912 1139 994 rugulo·

227 1018 280 1090 sis,
309 1014 541 1096 subdinphnnis,
573 1017 730 1096 segregatis
758 1029 811 1074 aut
838 1035 939 1074 secum
960 1013 1137 1073 cohaeren-

226 1113 322 1190 tibus,
345 1116 450 1176 coleris
471 1115 596 1175 obscure
617 1112 675 1174 rufi
685 1158 695 1189 ,
713 1113 900 1195 ‚li-agilibusr
936 1112 1030 1172 fracta
1050 1113 1137 1173 haee

224 1215 318 1276 frusta
339 1217 427 1297 plana
449 1229 538 1293 suut,
560 1205 676 1290 laevia,
697 1213 860 1274 sublucida.

266 1316 418 1395 Propriet.
434 1315 523 1374 Odor
540 1313 623 1375 haud
636 1317 786 1394 ingratus,
807 1312 1015 1392 subtiagrans3
1036 1333 1137 1394 sapor

227 1417 408 1487 amaricans,
430 1413 533 1475 leviter
554 1411 701 1473 vellicans.
722 1413 828 1473 Calore
843 1433 984 1472 manuum
999 1409 1062 1473 siue
1075 1429 1137 1474 ue·

225 1517 305 1596 gotio
328 1512 476 1574 mollitur:
498 1513 709 1572 manducatum
731 1511 870 1573 dentibus
893 1513 1043 1574 adhaeret.
1080 1513 1136 1574 Ad

225 1610 323 1693 ignem
344 1631 400 1671 nec
420 1610 554 1680 funditur
573 1631 629 1670 uec
649 1611 798 1684 mollitur,
829 1611 882 1670 sed
915 1610 952 1669 ad
973 1609 1134 1670 flammam

227 1712 380 1772 admistum
403 1709 576 1770 accenditur
596 1724 627 1772 et
648 1710 749 1784 ardet,
782 1710 851 1771 licet
883 1711 964 1770 haud
985 1713 1047 1770 siue
1069 1710 1134 1771 dif-

226 1809 377 1888 ficultate,
408 1809 529 1868 flamma
561 1823 607 1870 est
632 1809 803 1869 claranum
827 1810 918 1870 odore
940 1807 1133 1871 balsamicoa

228 1912 316 1972 simul
336 1913 482 1991 crepitans
504 1908 632 1986 dissilit,
663 1931 680 1970 e
711 1896 870 1992 superficie
894 1910 1057 1970 exsudante
1089 1911 1131 1970 li-

227 2027 342 2090 qunrer
364 2017 499 2088 superest
517 2007 645 2088 denique
666 2007 756 2067 carbo
777 2011 881 2089 niger,
916 2009 1132 2088 suhsordidus,

227 2108 406 2188 splendens,
439 2105 560 2186 fragilis.
594 2107 834 2187 Haudquaquam
857 2107 981 2168 solvitur
1001 2105 1032 2167 in
1055 2108 1130 2170 olcis

226 2205 290 2266 fixis
311 2227 365 2266 nee
386 2210 415 2264 iu
437 2195 662 2282 essentialibus,
684 2205 735 2266 sed
756 2206 905 2266 mollitum
930 2205 1013 2288 tingit
1028 2229 1060 2266 ea
1077 2229 1131 2268 co·

226 2304 291 2366 lore
311 2302 431 2364 fluvido.
455 2306 487 2363 lu
508 2325 585 2385 aqua
606 2305 709 2386 frigida
732 2305 892 2376 mollescit,
916 2311 945 2365 in
960 2306 1071 2365 fervida
1089 2308 1154 2366 nd'

227 2403 381 2465 dimidiam
402 2415 518 2486 partem
533 2402 658 2464 solvitur
673 2429 679 2463 :
700 2405 782 2486 quod
797 2416 928 2486 superest
943 2408 1130 2484 resinosum,

159 2581 163 2594 .
227 2505 351 2566 solvitur
371 2505 401 2563 iu
423 2502 527 2586 spiritu
549 2502 628 2581 viui,
663 2506 710 2564 cui
737 2517 839 2566 tamen
867 2507 964 2567 odoris
986 2509 1031 2567 sui
1051 2507 1130 2568 nibil

226 2603 367 2684 impertit.
390 2604 598 2666 Communicat
619 2625 778 2667 eumcum
799 2626 892 2686 equa,
914 2627 983 2666 cum
997 2627 1057 2688 qua
1071 2607 1128 2668 de·

227 2702 359 2763 stillatur.

226 2843 399 2924 BENZOE'.
421 2823 557 2944 Bcijoim.
579 2861 748 2922 Balsumum
770 2863 910 2926 solidum.

306 2981 424 3060 Sorax
446 2984 578 3042 Berroia
599 2981 750 3064 Dryandr.

268 3098 379 3158 Locus.
403 3097 525 3159 Habitat
546 3099 577 3158 in
599 3100 759 3180 Summae,
782 3102 875 3173 Java,
898 3101 988 3166 Siam.
1011 3104 1117 3168 ili-bor.

266 3200 396 3259 Forma.
434 3199 601 3259 Balsamum
638 3200 766 3264 solidum
797 3200 827 3260 in
856 3200 919 3262 ullis
941 3202 1126 3283 maioribus,

226 3318 304 3382 quae
337 3298 453 3360 laminis
482 3311 702 3382 componuntur
734 3301 805 3364 rufis
831 3323 882 3362 seu
911 3301 1126 3376 viridiusculis,

226 3401 407 3480 intersparsis
429 3403 526 3480 grauis
538 3443 547 3472 ,
582 3398 663 3458 velut
682 3401 789 3459 nucleis
810 3402 1054 3483 amygdalarum,
1076 3405 1124 3468 di·

225 3516 328 3558 remae
349 3498 454 3574 molis,
475 3497 566 3576 albis,
587 3498 753 3582 fragilibus,
775 3499 947 3564 sublucidis.
