2408 4148
158 367 161 382 ¹
253 355 321 403 100
633 351 714 403 attis
741 354 763 401 t.

248 523 532 586 scsttttottttttt.
554 523 754 587 Escamoneo.
778 519 1028 584 Gummi-resina.

330 645 526 704 Corrvolvulus
547 646 748 706 Scammom'a
769 646 804 705 L.

290 766 398 824 Locus.
420 761 543 824 Habitat
563 761 593 822 in
616 763 724 846 Syria,
756 762 901 842 Oriente,
931 759 1070 823 Brasiiia.
1094 759 1160 820 Pe·

249 862 360 924 rennis.
472 935 476 942 ι

289 967 417 1024 Forma.
438 961 670 1025 Gummi-resina
690 961 720 1024 in
741 962 840 1023 frustis
861 959 997 1038 levibus,
1024 958 1160 1021 cinereis

250 1075 302 1124 aut
321 1060 427 1141 fuscis,
449 1060 619 1143 fragilibus,
642 1083 702 1142 qua
722 1063 920 1144 franguntur,
952 1059 1072 1122 lucidis.
1094 1059 1164 1120 Eii-

249 1163 347 1243 genda
367 1172 411 1222 est
433 1160 527 1239 levis,
548 1160 662 1242 gummi
682 1160 721 1221 ad
741 1162 834 1240 instar
854 1160 953 1240 clara,
982 1159 1089 1219 colone
1113 1159 1163 1218 al·

248 1262 339 1334 bido,
358 1273 480 1338 tenera,
500 1275 535 1321 ut
555 1260 707 1342 frangatur
727 1260 872 1341 facileque
895 1270 1031 1320 vertatur
1043 1261 1077 1318 in
1092 1257 1164 1340 pul·

249 1380 371 1434 venem,
403 1381 480 1442 quae
508 1361 602 1421 fracta
627 1359 659 1421 in
690 1381 768 1442 aqua
795 1371 849 1422 aut
879 1359 973 1424 saliva
996 1357 1162 1432 solvatur,

251 1464 349 1524 lacteo
369 1463 479 1522 coiora.

291 1561 440 1636 Proprias.
464 1559 551 1620 Odor
570 1570 614 1621 est
634 1557 839 1639 subfoctidns‚
862 1579 1038 1620 nauseosus.
1057 1558 1164 1638 Sapor

250 1662 385 1742 protinus
406 1657 569 1740 insipidus,
589 1679 657 1719 mox
676 1656 878 1731 acsiusculus,
909 1678 1051 1731 amarus,
1082 1677 1165 1718 nau·

250 1779 360 1822 seosus.
381 1759 560 1818 Manducata
581 1757 705 1818 soivitut·
725 1756 887 1818 difficulter
907 1755 938 1818 in
959 1779 1034 1832 ore,
1058 1757 1165 1818 molli·

250 1873 299 1919 tur
320 1857 515 1938 dentibusque
543 1857 693 1918 adhaeret.
725 1855 829 1939 Digito
858 1857 1001 1918 humecto
1031 1857 1166 1928 fricata,

251 1978 321 2018 mox
342 1957 436 2017 lactea
458 1955 645 2016 viridiuscuia
664 1955 718 2017 fit:
739 1960 762 2016 is
784 1957 868 2018 color
887 1960 917 2016 in
939 1977 1050 2037 aquarn
1079 1969 1165 2016 tran·

252 2057 306 2130 sit,
328 2060 355 2116 in
378 2079 438 2137 qua
459 2055 590 2116 solvitur.
611 2056 684 2117 Pura
705 2054 853 2129 resinosa,
886 2077 964 2138 quaa
995 2055 1028 2116 in
1050 2059 1165 2140 spiritu

252 2155 314 2220 vini
333 2154 480 2234 solvitur,
501 2157 660 2216 tincturam
681 2154 802 2216 exhibet
823 2154 1016 2238 pellucidam.

252 2317 402 2380 SCILLA.
426 2313 535 2376 Gebala
555 2315 700 2376 Attarrct.
722 2315 825 2378 Radix.

331 2435 429 2496 Scilla
450 2435 606 2494 usaritima
624 2435 658 2494 L.

291 2555 402 2631 Locos.
423 2551 546 2612 Habitat
565 2553 594 2611 in
615 2549 689 2612 locis
709 2553 857 2614 arenosis
873 2553 1019 2614 sabulosis
1050 2555 1163 2638 ffispa-

251 2658 318 2714 niae
343 2664 373 2714 st
402 2653 581 2713 Lusitaniae.
615 2651 719 2711 Floret
739 2655 874 2733 Augusto
904 2666 937 2713 et
970 2653 1162 2736 Septembri.

252 2750 407 2816 Perennis.

290 2851 421 2940 Forma.
443 2847 770 2920 tintinabulum,
792 2848 983 2931 pyriformis,
1008 2851 1108 2933 pugni
1132 2869 1162 2915 et

251 2951 333 3036 quod
347 2948 462 3013 excedit
477 2947 574 3020 mole,
594 2945 724 3028 squamis
737 2947 886 3025 carnosis,
908 2950 989 3026 latis,
1014 2953 1162 3013 lateribus

253 3049 435 3123 attenuatis,
455 3068 545 3146 succo
560 3046 709 3127 glutinoso
722 3047 830 3127 planis,
844 3046 949 3108 athidis
962 3051 1163 3132 composita:

250 3153 434 3233 obteguntur
446 3146 576 3209 cuticula
586 3144 682 3224 sicca,
705 3155 826 3221 tenera,
848 3167 998 3221 nervosa,
1021 3152 1165 3214 exterio·

251 3247 570 3320 ribusteneriotibns,
600 3243 792 3306 interioribus
820 3242 884 3306 basi
913 3250 1116 3316 succulentis.
1139 3253 1167 3311 E

249 3349 313 3412 basi
333 3349 414 3411 tutti
435 3345 584 3429 prodeunt
603 3341 754 3404 radiculas
773 3341 971 3426 innumerae,
1001 3369 1087 3428 quaa
1111 3373 1166 3410 ve·

249 3471 314 3513 rant
335 3447 444 3510 sistunt
464 3442 606 3504 radicem.

290 3549 441 3630 Proprias.
478 3544 564 3605 Odor
590 3538 750 3602 subnulius.
781 3540 879 3626 Sapor
901 3545 982 3624 jsatis
1015 3567 1165 3626 asnarius,
