2408 4148
248 258 296 360 78
630 271 713 330 etas
739 283 762 330 1.

246 394 358 456 fortior.
381 392 477 476 Sapor
497 403 541 454 eat
562 394 760 472 aromaticus,
782 405 963 473 unctuocuc,
983 393 1079 468 accit,
1101 413 1153 453 ca-

246 501 313 582 pori
332 501 498 576 congrunt,
520 495 610 556 Macis
631 497 723 576 magia
743 500 937 574 aromaticae,
957 481 1149 555 subornatus.

249 655 394 718 OLEUM
423 655 639 714 COMMUNE.
679 657 754 742 Οζεο
789 676 939 716 commun.
972 676 996 716 a.
1030 655 1150 716 Accite.

288 754 401 816 Oleum
421 752 514 814 fixum
536 752 711 833 vegetabile.

332 875 410 937 olea
429 892 585 953 europaeo
605 873 640 933 L.

288 992 397 1052 Meus.
417 990 539 1050 Habitat
558 991 587 1048 iu
608 987 730 1070 Europa
751 987 888 1049 australia
908 987 1017 1050 colitur
1036 989 1065 1048 io
1087 988 1152 1048 Lu-

248 1093 362 1153 sitania.
382 1089 488 1149 Floret
508 1089 597 1149 Maio.
621 1087 727 1148 Arbor.

288 1192 414 1250 Formo.
439 1185 549 1246 Oleum
581 1205 740 1247 commune
772 1199 817 1246 eat
847 1186 946 1246 oleum
967 1185 1081 1260 fixum,
1109 1207 1151 1248 ex

246 1279 331 1352 olivio
344 1307 529 1370 expressum,
549 1284 713 1368 liquidum,
726 1284 922 1370 pellucidum,
935 1273 1077 1368 pallidum
1092 1301 1149 1346 aut

247 1387 398 1450 ssavicanc.

289 1487 442 1568 Proprict.
471 1487 590 1547 Bonum
619 1485 720 1548 oleum
747 1486 839 1546 odora
868 1497 949 1546 caret
975 1500 1006 1546 et
1027 1507 1148 1570 uapore.

249 1585 435 1668 Congeiarcit
455 1587 560 1646 decem
582 1584 722 1666 gradibus
744 1586 800 1648 tub
821 1598 932 1668 puncto
963 1587 1146 1668 congelatio·

246 1690 291 1749 nit
311 1687 405 1747 ccaiae
425 1685 673 1748 Reaumurianac.
695 1687 853 1748 Praeterea
874 1688 986 1770 gaudet
1005 1690 1148 1750 omnibus

249 1785 438 1871 qualitatibus
460 1785 595 1846 oleorum
615 1785 742 1846 fixorum
764 1787 980 1868 vegetabilium.

248 1945 388 2008 OPlUM.
412 1947 502 2026 Opio.
522 1944 695 2018 Extractutu
716 1945 1066 2025 gumerium-catinorum.

286 2085 415 2147 Forma.
427 2084 540 2166 Opium
555 2097 600 2146 est
613 2095 777 2146 extractum
792 2085 1144 2167 gummaro-reuinctum,

246 2182 438 2263 ePapuvore
459 2181 619 2242 conrnifero
640 2192 814 2242 extractum.
835 2179 999 2244 Advehitur
1020 2185 1066 2244 uei
1098 2185 1144 2246 ta-

150 2281 152 2288 ’
247 2280 344 2342 ccimie
365 2279 616 2364 pallide-flavidis,
637 2303 697 2362 qua
716 2283 812 2342 forma
829 2281 1010 2344 rarissimum
1022 2300 1069 2346 est
1082 2308 1146 2347 ma·

245 2382 374 2462 ximique
396 2383 499 2462 pretii,
521 2381 567 2440 vel
587 2381 683 2441 frustis
704 2381 912 2462 rubr-otundit,
933 2381 1144 2464 planiusculis,

246 2477 438 2560 ponderosis,
459 2493 542 2540 extus
555 2478 866 2560 rufo-nigricantibua,
882 2479 1052 2555 cubnitidis‚
1066 2504 1144 2564 quae

246 2577 323 2641 foliis
345 2577 428 2640 siccis
449 2581 649 2658 obtegunturr
668 2577 748 2639 intua
768 2579 897 2639 fractum
917 2578 1065 2642 viridescit
1091 2596 1146 2643 aut

245 2677 393 2761 nigrescit,
421 2677 452 2739 id
473 2677 555 2759 quod
585 2681 688 2760 opium
709 2677 875 2760 appellatur
893 2693 947 2740 aut
974 2661 1144 2742 meconium

246 2781 424 2843 thebaicum.
442 2777 550 2855 d'riua,
569 2779 652 2861 quod
672 2777 818 2860 optimum
839 2792 884 2841 eat
904 2779 1025 2862 cariqrrc
1040 2782 1144 2864 pretii,

246 2879 392 2942 rarissime
412 2878 534 2938 obvium
554 2892 608 2938 ert
629 2877 655 2938 E
678 2881 832 2958 posteriori
844 2879 1012 2961 eligendum
1023 2891 1070 2942 eat
1082 2887 1146 2942 uui·

246 2979 354 3051 forme,
375 2976 529 3059 glabrum,
552 2975 635 3057 quod
654 2974 750 3056 digitis
762 2989 976 3038 contrectatum
990 2978 1021 3039 in
1032 3000 1144 3042 massas

246 3088 334 3138 coeat
353 3075 454 3156 iisque
468 3074 647 3154 adhaereat,
668 3065 746 3136 intur
767 3097 874 3157 purum
895 3079 949 3158 cit,
971 3097 1077 3162 taporo
1099 3102 1144 3140 sa·

247 3179 284 3238 ιίε
303 3195 423 3250 amaro,
442 3174 519 3250 acri,
538 3176 622 3257 quod
641 3174 815 3236 calefactum
836 3197 1027 3259 nequaquam
1042 3180 1142 3260 oieet,

247 3273 385 3336 flammae
410 3275 562 3335 admotum
592 3275 710 3352 ardeat,
739 3275 821 3356 quod
842 3274 873 3336 in
893 3298 971 3358 aqua
990 3279 1053 3342 fere
1081 3301 1146 3342 om·

248 3371 319 3436 uino
339 3371 480 3452 solvatur,
501 3371 647 3438 solutione
667 3374 839 3436 mbtcunda
