2408 4148
228 228 284 248 Χ.

272 327 423 378 maram
446 329 730 381 uutnuucruricu
915 307 961 382 33

57 501 330 562 CENTAURIUM
357 505 488 566 miuus.
523 505 691 566 Centaurea
711 472 824 566 utenbr.
857 503 959 568 Herba

100 623 172 662 cum
193 601 413 665 summitatibus
434 603 620 666 florentibus.

141 723 301 783 Gentiana
324 723 518 785 Centaurium
540 726 577 786 L.

97 840 214 900 Locus.
237 839 362 901 Habitat
390 839 422 902 iu
454 853 532 902 terro
561 841 702 904 sabulosa
722 841 893 903 Lusitaniae
915 855 962 904 to·

52 939 182 1020 tiusque
196 939 345 1022 Europae.
360 940 466 1002 Floret
478 963 495 1001 a
511 944 595 1003 lunio
609 943 646 1003 ad
658 947 836 1025 rhagustum.
847 945 960 1003 Annua.

39 1070 45 1074 -
95 1039 233 1100 Forma.
255 1039 361 1100 Cautes
380 1040 499 1122 plurimi
531 1061 569 1102 ex
590 1043 695 1102 eadem
717 1041 834 1116 radice,
867 1043 962 1116 recti,

51 1137 261 1215 teretiusculi,
291 1138 453 1221 aucipites,
483 1141 593 1221 glabri,
623 1141 778 1224 simplices.
804 1139 895 1201 Folio
913 1161 962 1199 ra·

53 1239 166 1300 dicalia
179 1237 365 1330 cacepiposa,
384 1243 570 1322 spathulatu,
592 1241 738 1324 oblonga,
758 1237 963 1321 integerrima,

52 1339 183 1421 glabra,
207 1338 408 1411 subcaruosa,
428 1337 544 1420 petiolis
564 1339 723 1400 brevibus:
754 1339 872 1400 cauliua
892 1350 962 1400 suut

58 1436 203 1520 opposita
219 1479 228 1514 ,
248 1434 391 1513 linearia,
412 1449 557 1518 auguctu,
578 1439 697 1499 obtusa.
711 1439 815 1498 Floret
829 1441 916 1514 terni,
929 1436 962 1498 iu

55 1536 236 1618 corymbum
259 1533 410 1616 dispositi3
431 1540 561 1598 corollae
576 1540 700 1608 rubrae,
720 1527 961 1598 infundibulifor·

58 1655 140 1712 mes,
163 1631 442 1716 quinquepartitae,
463 1635 494 1696 iu
516 1636 668 1718 calycibus
686 1639 797 1719 pariter
816 1639 961 1718 quiuqua-
1084 1705 1088 1716 ¹

80 1737 159 1793 erili
179 1779 185 1793 .

58 1755 77 1816 Ρ
98 1751 256 1913 tie-obrui.
279 1833 364 1894 Odor
383 1835 494 1897 nullus.
516 1835 613 1918 Sapor
633 1807 844 1896 amarissimus.

56 1995 178 2056 elcut.
204 1995 295 2054 Cera.
319 1993 431 2054 Oleum
453 1995 545 2056 lixum
565 1995 705 2057 solidum.

96 2133 214 2193 Locus.
235 2133 387 2193 invenitur
416 2132 448 2193 iu
476 2135 605 2194 eutherio
625 2133 755 2207 florum,
785 2133 864 2194 uode
891 2152 962 2215 epea

55 2233 225 2314 colligunt,
245 2233 449 2316 peculiarique
469 2236 561 2294 modo
580 2249 708 2316 parant,
729 2249 763 2294 ut
784 2253 820 2293 eu
834 2234 963 2294 lormcut

56 2336 141 2393 favos
163 2348 197 2394 et
217 2333 368 2394 domicilia
389 2332 543 2394 muniantr
573 2353 628 2394 uec
650 2333 745 2394 mium
764 2336 794 2392 in
815 2332 938 2392 floribus
950 2378 961 2407 ,

54 2432 207 2497 fructibus
227 2443 258 2492 et
279 2432 355 2492 foliis
378 2433 543 2514 plantarum
564 2433 761 2513 quorumdam
783 2431 940 2514 reperitur.

95 2535 231 2595 Forma.
254 2531 331 2592 C'era
352 2544 397 2592 eat
410 2530 441 2592 in
456 2532 523 2596 offis
536 2544 587 2592 aut
600 2536 725 2615 panibus
740 2532 856 2610 solidis,
877 2533 961 2594 oleo·
1082 2547 1085 2556 '

56 2637 110 2708 ris,
125 2631 244 2714 opacis,
257 2631 426 2709 unctuosis,
449 2633 550 2692 colore
565 2633 628 2715 plus
643 2631 778 2692 minusve
792 2630 960 2693 ssavicunte.

97 2733 252 2809 Proprier.
282 2733 343 2790 Nec
373 2732 450 2792 odor
475 2752 530 2790 uec
551 2751 640 2812 sapor
660 2731 746 2791 nllus.
782 2729 960 2790 Manducata

55 2829 220 2901 mollescit,
247 2828 386 2888 dentibus
408 2829 569 2906 adhaeret,
603 2829 655 2888 sed
676 2827 909 2908 haudquaquam
929 2827 961 2888 iu

57 2951 110 2990 ore
132 2927 265 2990 solvitur.
287 2931 319 2988 ln
342 2927 449 2990 teneris
471 2927 585 2988 laminis
598 2931 656 2990 a'e'ri
670 2931 803 3008 exposita
816 2941 869 2988 out
885 2929 960 3006 rori,

58 3029 204 3106 albescit,
237 3029 290 3089 sed
313 3030 391 3088 dum
413 3027 500 3088 simul
521 3027 556 3088 fit
576 3043 608 3087 et
627 3028 759 3110 fragilis,
792 3030 872 3089 dicta
891 3043 961 3089 tune

59 3130 142 3191 Cera
163 3129 259 3189 albe:
290 3127 416 3189 idfieri
445 3133 533 3190 etiam
564 3141 661 3210 potest
681 3148 739 3209 ope
760 3127 835 3188 acidi
856 3127 961 3189 taurini

58 3227 311 3316 dephlogiaticati.
328 3231 371 3288 Ad
387 3204 483 3288 ldncui
504 3229 605 3310 iguem
626 3229 787 3301 mollescit,
808 3227 961 3302 funditur,

57 3326 183 3406 abitque
204 3325 234 3384 iu
255 3324 383 3385 ssuidum
404 3325 561 3401 oleosum,
582 3325 781 3406 pellucidum,
806 3325 906 3406 quod,
926 3340 961 3385 ut

58 3427 230 3508 perfriguit,
257 3428 285 3483 in
308 3425 459 3506 pristinum
482 3437 591 3485 statum
613 3427 698 3484 redit..
731 3427 805 3483 Cum
827 3425 960 3504 quodam

60 3522 153 3605 gradu
175 3509 349 3598 exactioni,
372 3523 542 3586 accenditur
562 3537 592 3603 et
613 3520 830 3584 ardetdamma
851 3521 958 3586 vivida.
