2418 4146
226 236 293 308 108
605 258 686 324 rans
712 259 732 307 ι»

220 384 251 433 et
273 370 399 453 ingentis
420 370 505 454 pretii
526 386 589 434 est:
610 371 698 434 tertia
718 372 839 433 demum
855 382 900 431 est
922 371 1038 431 Storux
1058 369 1127 428 rul-

110 461 122 468 „
218 476 318 554 garis,
337 493 414 554 quae
435 477 463 534 in
485 473 610 536 officinis
631 495 685 557 pro
708 472 854 536 Calamita
877 470 1023 532 venditur.

261 574 414 655 Propriet.
436 575 522 636 Odor
542 589 586 635 est
610 574 875 656 fragrantissimus,
907 571 1124 633 suavissimus:

221 693 310 756 sapor
330 677 529 754 aromaticus,
561 687 671 758 gratus.
704 675 836 735 Soliitut
868 677 898 733 in
927 677 1031 756 spiritu
1061 672 1126 736 vini

221 774 306 857 iuxta
326 795 362 835 ac
383 777 412 834 in
433 797 533 857 aqua,
563 776 611 836 cui
641 774 773 858 impertit
799 776 1009 857 fragrantium
1043 795 1126 856 qua·

222 873 346 958 pioptet·
375 875 509 936 Chemici
539 876 672 937 nonnulli
701 873 945 936 Gummi·iesinis
975 876 1126 936 adnume-

223 985 309 1048 rant,
334 972 384 1035 alii
406 975 444 1035 ab
464 973 510 1035 his
524 973 700 1056 segregent,
720 974 799 1036 inter
811 976 947 1036 Bnlsama
959 995 1126 1036 numeran-

224 1085 290 1151 tes,
311 1075 351 1136 ob
372 1073 464 1136 selem
485 1073 625 1152 acidum,
645 1075 785 1135 benzoico
800 1074 946 1153 similem,
966 1095 1056 1157 quem
1072 1095 1126 1142 m·

192 1182 194 1188 '
223 1173 395 1242 blimetione
416 1172 595 1236 obtinemus.
611 1175 719 1235 Storax
733 1175 861 1256 vulgaris
875 1195 1011 1257 soporem
1029 1173 1126 1235 babet

224 1277 500 1337 subamariceutem.
535 1275 713 1336 Manducstu
739 1273 954 1337 comminuitur
974 1277 1072 1336 statim
1095 1278 1128 1335 in

225 1374 399 1456 pulverem,
433 1372 542 1435 deiude
574 1394 646 1436 vero
677 1377 705 1434 in
727 1395 837 1436 massas
858 1371 1028 1456 colligitur,
1060 1371 1127 1434 sine

225 1472 404 1535 adhaesione
425 1474 463 1534 ad
484 1475 608 1535 deutcs=
642 1484 793 1556 postremo
813 1473 844 1533 in
865 1474 958 1534 soliva
978 1473 1127 1548 solvitur,

224 1596 315 1658 quam
336 1574 439 1636 colore
459 1574 543 1657 tingit
562 1577 660 1638 lacteo
681 1573 911 1635 subrubicundo.
925 1577 1060 1640 Accensa
1080 1595 1128 1636 ar·

226 1676 277 1736 det
297 1673 418 1736 flamma
446 1675 515 1735 elbn
536 1674 708 1746 sublurida,
739 1675 824 1735 lunio
855 1676 1036 1754 aromatico,
1070 1693 1126 1736 su·

226 1775 348 1858 perstitc
369 1778 546 1858 paucissimo
567 1779 674 1836 cinere.
706 1775 767 1856 lgni
796 1774 826 1835 in
848 1795 919 1838 vase
939 1774 1041 1836 clnuso
1061 1774 1123 1836 im·

225 1879 321 1960 posita
341 1875 474 1937 funditur
495 1875 641 1936 duntaxat
661 1897 728 1958 pers
751 1873 890 1936 resinosa.
920 1876 979 1936 Nec
1000 1873 1128 1937 solvitur

225 1975 256 2036 in
278 1974 351 2035 oleis
372 1972 453 2045 fixis,
474 1995 528 2034 nec
549 1996 583 2034 ea
608 1976 708 2054 tingit,
731 1975 795 2033 olea
817 1973 983 2054 destilletn,
1005 1977 1033 2033 in
1056 1973 1127 2055 qui·

226 2075 281 2135 bus
301 2073 383 2135 haud
402 2073 547 2148 solvitur,
568 2070 656 2155 tingit
677 2074 779 2133 colore
800 2094 902 2137 uitreo.

228 2233 446 2296 SUCClNUM.
466 2233 620 2295 Alambre.
642 2233 790 2294 Bitumen.

309 2353 471 2414 Succlnum
491 2353 662 2414 electricum
684 2353 718 2413 L.

269 2471 377 2534 Locus.
394 2467 546 2533 luvenitui·
559 2469 598 2531 ed
612 2468 698 2531 litora
720 2469 808 2531 maris
824 2469 924 2531 bultici
937 2481 968 2532 et
981 2470 1012 2532 in
1029 2483 1128 2534 terrae

230 2569 429 2654 penetralibus
450 2571 487 2630 od
507 2569 573 2653 ipsa
593 2571 678 2631 litore
699 2569 824 2650 aliisque
846 2569 927 2632 locis.

270 2673 397 2734 Formo.
419 2669 558 2732 Bitumcu
582 2682 629 2731 est
652 2669 805 2748 solidum,
834 2672 864 2729 in
893 2667 994 2730 frustis
1025 2673 1127 2732 variae

230 2771 333 2846 molis,
356 2773 424 2854 plus
445 2768 578 2832 minusve
598 2755 726 2842 flevum,
747 2779 781 2830 ut
801 2779 831 2830 et
851 2769 976 2841 album,
1004 2767 1130 2854 diapho-

231 2893 304 2932 num
325 2886 377 2932 eut
398 2891 546 2954 opacum,
567 2869 679 2951 fragile.
694 2866 853 2950 Eliguutur
871 2868 963 2930 frusta
977 2868 1129 2952 speciosa,

232 2971 327 3051 duna,
348 2967 429 3030 clare
450 2979 482 3030 et
501 2967 670 3052 pellucido,
692 2966 759 3027 elbo
781 2977 834 3028 aut
854 2965 957 3048 flava,
978 2965 1043 3028 sine
1064 2988 1131 3028 sor·

231 3069 425 3250 dlbsslbpriet.
443 3167 529 3230 Odor
541 3165 655 3242 nullus,
675 3187 731 3227 nec
745 3187 842 3249 sapor.
856 3167 992 3228 Manibus
1011 3168 1130 3230 frictum

233 3283 287 3330 out
307 3289 406 3331 secum
428 3273 546 3352 ipsum,
565 3266 624 3329 vim
645 3267 811 3328 electricum
833 3267 963 3342 obtinet,
995 3269 1133 3330 attractis

232 3369 325 3453 paleis
357 3367 557 3451 lectorisque,
592 3365 680 3429 simul
714 3369 837 3428 odorem
871 3367 961 3450 spirat
991 3381 1130 3452 gratnm,

236 3473 394 3554 praecipue
425 3469 535 3530 lusum.
573 3468 607 3528 ld
638 3480 736 3529 eutem
766 3471 906 3550 contingit
933 3469 971 3530 ad
1005 3489 1050 3551 gr.
1070 3469 1131 3532 550
