2408 4148
233 226 280 320 od
611 243 694 302 rsus
720 255 741 301 r.
813 265 816 272 ·

135 378 138 383 *
229 426 483 533 romonolo.
505 429 599 492 Terra
621 428 744 513 pinguis.

311 549 549 630 Argr'lla‘Qlus
570 551 606 614 L.
626 609 628 614 .

269 673 380 732 Locm.
403 670 557 732 Invenitur
568 670 598 731 iu
614 669 787 751 Lusitania,
810 667 935 752 aliisque
950 664 1143 749 regionibus.

270 769 395 834 Forma.
418 773 513 833 Terra
533 770 687 851 argillacea
708 771 807 833 frustis
824 770 922 832 variae
937 768 1025 830 molis
1036 813 1046 842 ‚
1069 789 1145 850 pur·

230 866 328 933 ticulis
353 881 492 931 constans
519 869 735 950 subtilissimis,
755 872 793 932 ed
816 885 928 931 tactum
958 867 1141 930 unctuosis:

226 970 320 1032 fractu
341 993 447 1054 parum
469 973 620 1054 splendet,
651 972 753 1032 colore
782 971 893 1053 gaudet
913 969 982 1031 albo
995 1013 1006 1050 ‚
1021 1013 1026 1022 ·
1044 967 1143 1032 ssavi·

231 1087 338 1147 cante,
359 1073 460 1134 rutilo.
491 1065 649 1153 Eliguntur
675 1072 768 1133 frusta
801 1094 876 1154 pura
902 1093 920 1132 n
941 1068 1088 1132 sordibus
1112 1085 1144 1132 et

229 1169 346 1249 strenis,
366 1181 447 1232 tuctu
468 1170 590 1243 suavia,
611 1169 755 1245 nitentia,
775 1169 911 1231 facillime
932 1173 962 1230 io
975 1168 1143 1251 pulverem

228 1270 414 1344 fatiscentia,
435 1268 553 1350 linguae
574 1271 720 1354 labiisque
741 1269 945 1334 adhaerentia.

270 1373 421 1454 Propriet.
437 1373 556 1432 Nullum
571 1372 663 1433 habet
684 1373 828 1452 odorem,
848 1370 965 1432 nullum
981 1391 1142 1453 soporem.

229 1473 316 1552 Aqua
336 1471 448 1552 agitata
468 1473 570 1534 sorbet
591 1491 675 1549 enm,
697 1472 779 1554 quod
800 1484 831 1532 ct
844 1471 970 1546 occidit,
991 1471 1067 1532 dum
1092 1471 1142 1534 ori

228 1571 428 1634 admoveturs
463 1577 529 1655 igne
560 1575 688 1636 durescit
716 1589 748 1636 et
778 1595 883 1655 aspera
912 1573 967 1649 fili
997 1583 1033 1634 ut
1056 1571 1143 1636 aliae

230 1681 327 1733 terroe
346 1673 531 1755 urgilluceue.
570 1662 572 1674 ¹
654 1729 656 1738 ,

228 1830 378 1894 Bontx.
404 1811 528 1914 lingat
543 1835 593 1896 Sal
614 1845 720 1900 neuter
739 1834 941 1918 imperfectus.

310 1955 420 2016 Boraae
444 1957 554 2017 Tincal
571 1958 605 2016 L.

271 2071 380 2134 Locus.
401 2075 560 2155 Reponitur
581 2076 610 2133 in
631 2093 723 2155 regno
744 2073 852 2155 Tibet,
872 2077 901 2136 in
921 2073 1015 2136 fundo
1046 2074 1139 2138 lacus

229 2168 351 2249 Neibal,
372 2173 401 2231 in
414 2175 544 2232 cavernis
557 2172 704 2232 nonnullis
717 2172 852 2251 Persius,
867 2175 896 2232 in
912 2171 1049 2247 Ceilonn,
1064 2173 1138 2236 Ta·

229 2273 301 2331 turia
323 2293 451 2353 magun,
468 2272 498 2333 in
521 2272 667 2345 Saxonis,
688 2275 716 2332 in
739 2271 843 2334 ricinia
860 2271 1063 2335 Halborstndii
1086 2289 1138 2350 et,

201 2388 202 2401 ¹
230 2387 265 2433 ut
283 2373 387 2454 fertur,
407 2371 439 2432 in
460 2376 611 2455 provincia
631 2373 722 2433 Bnhiu
743 2374 782 2434 ad
802 2372 915 2434 flumen
926 2376 984 2436 das
1001 2375 1137 2436 Corseas.

270 2472 397 2532 Forma.
425 2472 524 2534 Borux
552 2483 595 2530 est
617 2471 659 2530 sal
681 2482 784 2530 neuter
803 2470 1012 2553 imperfectus,
1038 2484 1137 2534 natus

215 2589 248 2660 ⁸e
267 2569 414 2630 connubio
433 2569 501 2632 salis
523 2569 596 2629 acidi
619 2569 747 2630 huronici
769 2580 822 2630 sut
847 2569 917 2632 salis
944 2567 1073 2656 sedatigi
1102 2589 1138 2634 et

230 2669 313 2732 olcali
334 2671 384 2731 fixi
404 2669 560 2731 mineralis.
583 2672 614 2729 ln
636 2668 720 2731 dictis
740 2669 811 2732 locis
833 2670 982 2732 iuvenitur
1013 2673 1045 2732 in
1066 2693 1138 2758 cry·

228 2767 322 2831 stallis
335 2768 440 2830 crossis
452 2772 578 2851 gryseis,
598 2766 774 2849 pinguedine
789 2768 917 2851 quadum
932 2772 1036 2844 tectis,
1051 2791 1136 2854 qua·

229 2889 296 2929 rum
317 2870 412 2930 formo
433 2885 568 2930 constuns
589 2868 677 2928 refert
697 2872 836 2950 prismnto
858 2870 945 2953 plana
958 2870 1136 2952 taxandro,

229 2970 387 3029 terminata
406 2970 608 3051 pyramidibus
629 2968 739 3029 obtusis
755 2970 888 3050 triedris,
907 2982 960 3033 aut
973 2970 1136 3054 crystallus

229 3066 368 3150 exiguas,
392 3067 586 3149 irregulares,
615 3066 744 3144 albidas,
766 3070 940 3152 dinphmnn,
969 3069 1136 3136 immersas

229 3165 410 3242 substantiae
431 3177 482 3226 aut
502 3183 616 3225 mussas
638 3176 819 3241 nonnosus,
840 3169 997 3251 rancidac,
1018 3170 1138 3236 coloris

229 3264 341 3327 cinerei
352 3278 403 3326 out
415 3267 579 3325 virescentis
591 3307 599 3336 ,
614 3266 641 3322 in
657 3264 750 3325 frusta
764 3265 937 3329 secedentis.
953 3270 1017 3330 Han
1031 3270 1137 3334 torma

229 3379 355 3428 vocatur
375 3368 483 3427 Bornx
496 3362 626 3424 crudus:
647 3367 670 3424 is
686 3364 866 3447 depuratus,
888 3367 940 3430 ubi
953 3390 1062 3432 nomeu
1077 3393 1138 3436 ve·

231 3484 297 3526 tum
312 3467 439 3527 Boracis
453 3460 587 3538 obtinet,
607 3464 749 3543 crystallis
763 3477 880 3529 constat
894 3466 1046 3546 formosis,
1059 3468 1136 3534 dia.
