2408 4148
233 315 277 366 to
469 350 472 359 .
613 309 697 364 Pttts
721 313 746 366 1.

227 465 454 535 AGONITUM.
476 469 614 529 scottico.
635 466 733 530 Folia.

305 591 471 652 Acoaitnm
491 588 639 670 Napellus
659 590 695 649 L.

266 731 376 796 Locus.
400 728 524 790 Habitat
544 726 574 790 iu
596 728 668 811 locis
687 726 818 790 humidis
830 725 982 790 inundatis
997 747 1135 790 acmon-

227 829 309 892 tusis·
320 831 472 914 Europae.
501 829 609 892 Floret
634 851 653 890 a
681 830 767 892 lunio
791 828 830 892 ad
853 834 1037 912 Augustum.
1071 829 1136 892 Pa-

226 931 336 994 renuis.

266 1034 395 1094 Forma·
417 1031 504 1096 Folia
524 1043 593 1094 sunl
614 1032 764 1110 palmata,
785 1030 998 1110 quinquefidn,
1017 1029 1137 1094 laciniis

225 1129 387 1194 linearibus
407 1132 526 1204 incisis,
562 1148 654 1190 nervo
682 1127 786 1188 subtus
816 1127 1006 1211 prominulo,
1041 1151 1137 1212 supra

226 1230 349 1311 lucidis,
371 1228 573 1312 glabcrrimis,
596 1227 753 1290 s'atunime
776 1228 927 1291 viridibus.

267 1330 420 1412 Propriet.
443 1330 531 1390 Odor
550 1331 667 1410 gravis,
688 1351 861 1392 nauseosus.
873 1329 970 1412 Sapor
989 1329 1137 1394 foliorum

226 1430 412 1501 tacentium,
434 1436 593 1509 postquam
608 1427 851 1499 manducantis,
871 1430 1026 1492 evidenter
1040 1428 1135 1508 acris,

226 1529 372 1608 siccorum
392 1527 549 1612 insipidus.
570 1529 684 1589 Succus
704 1531 818 1612 saporis
838 1540 884 1592 est
904 1532 997 1610 acris,
1029 1531 1136 1594 odoris

226 1627 356 1711 ingratis
391 1631 442 1710 qui
471 1649 540 1690 cum
561 1627 592 1688 in
614 1639 781 1690 extractum
802 1627 883 1708 abit,
916 1628 1020 1694 salitus
1044 1630 1081 1694 fit
1101 1642 1137 1694 et

226 1721 429 1804 accisisculus,
447 1729 635 1812 odoremque
654 1728 747 1792 habet
766 1732 905 1794 virosum.

227 1886 390 1954 ALLlUM.
413 1890 506 1952 Allro.
527 1889 633 1952 lladix.

308 2011 427 2072 Attium
448 2011 576 2072 sativum
597 2011 633 2072 L.

268 2129 379 2191 Meus.
407 2125 533 2190 Habitat
562 2126 594 2190 in
617 2125 740 2204 Sicilia,
769 2128 878 2192 colitur
906 2128 937 2190 in
967 2130 1134 2196 Lusitania.

226 2224 356 2292 Biennis.

267 2329 396 2390 Forma.
416 2327 512 2390 Radix
532 2339 577 2388 cst
596 2327 738 2402 bulbosa,
774 2349 914 2410 ceparum
945 2347 1031 2391 more
1059 2329 1134 2390 sub·

227 2426 377 2506 rotunda,
400 2446 416 2488 e
438 2425 539 2486 multis
553 2424 683 2486 bulbillis
698 2430 877 2508 composita,
898 2427 1041 2502 arcuatis,
1062 2447 1134 2490 acu·

228 2528 285 2604 tis,
304 2525 437 2590 interiori
458 2526 552 2588 latere
572 2525 731 2600 concavis,
761 2539 847 2588 extus
868 2530 1024 2608 convexis,
1056 2531 1134 2590 late·

226 2629 309 2690 ribus
330 2627 441 2709 planis,
462 2625 570 2709 quibus
590 2625 769 2708 iunguntur:
791 2626 901 2708 duplici
915 2626 991 2690 serie
1012 2629 1061 2690 vel
1082 2633 1134 2690 tri·

228 2729 297 2814 plici
321 2727 493 2812 dispositis,
524 2725 663 2810 pellicula
690 2728 779 2808 olba,
811 2727 908 2807 sicca,
939 2730 1061 2792 chartae
1091 2731 1132 2792 ad

227 2829 339 2908 instar,
361 2829 499 2894 obtectis.
520 2827 727 2912 Parcuclryma
748 2839 793 2888 est
814 2829 934 2905 album,
954 2851 1134 2907 carnosum,

226 2932 437 3014 spongiosum,
458 2951 546 2990 succo
567 2926 719 3012 pellucido
741 2929 872 3010 plenum.

269 3031 418 3108 Propriet.
440 3027 524 3088 Odor
544 3027 717 3110 peculiaris,
737 3029 886 3110 fragrans,
912 3033 1029 3112 gravis,
1060 3052 1134 3092 nau·

227 3149 341 3192 seusus.
363 3129 460 3209 Sapor
480 3131 564 3190 actis.
586 3128 804 3190 Manducatum
824 3130 924 3190 allium
946 3131 1049 3192 ltalitui
1072 3133 1132 3194 oris

148 3271 154 3288 .
226 3229 359 3312 impertit
379 3230 503 3290 odorem
524 3250 610 3290 suum
637 3229 817 3312 peculiarem
850 3230 1133 3313 fragrantissimum,

227 3329 280 3392 diu
301 3333 516 3411 persistentem.
551 3329 664 3392 Succus
695 3352 712 3391 e
739 3331 834 3392 bulbis
856 3336 940 3393 sectis
962 3345 1130 3413 extructus,

226 3430 321 3512 digitis
351 3428 454 3491 frictus
486 3434 670 3510 siccatusque
705 3430 896 3512 splendorem
925 3430 961 3492 iis
993 3433 1130 3513 inducit,

228 3551 290 3613 quo
312 3527 337 3592 si
358 3530 493 3591 chortam
520 3529 618 3590 albam
650 3528 783 3604 unxeris,
819 3529 853 3592 fit
880 3553 915 3592 ca
946 3531 1040 3614 rigida
1068 3536 1129 3596 dia·

223 3631 347 3714 phana,
369 3643 529 3716 postquam
549 3633 703 3708 siccucrit,
723 3631 802 3696 velut
823 3632 890 3694 olco
910 3630 1013 3698 tincta.
