2408 4148
249 293 295 366 52
631 315 715 365 raas
743 318 764 364 1.

290 433 414 492 Forma.
437 428 540 488 Gallae
561 441 630 488 sunt
651 427 807 488 tubercula
821 427 1025 499 subrotundn,
1046 424 1152 487 variae

207 527 210 534 ’
248 531 354 605 molis,
381 525 488 610 partim
510 527 631 608 glabra,
658 528 764 610 partim
787 527 909 610 spinulis
930 547 1051 610 aspera,
1085 525 1153 608 ple·

248 650 375 711 rumque
396 629 489 688 latere
510 620 623 706 forata,
655 642 746 688 extus
773 627 1009 690 cinereo-incana
1031 631 1086 686 ant
1106 626 1153 686 vi-

248 729 428 802 ridiuscula,
460 738 512 788 aut
532 728 840 810 lusco-nigrescentia.
875 729 1084 810 Parencliyma
1105 741 1154 788 est

249 828 391 900 solidum,
427 827 548 908 lragile,
579 827 753 889 exalbidum
779 841 833 889 aut
853 829 993 908 fuscum,
1028 842 1083 888 aut
1104 826 1153 887 ni·

250 947 384 1011 grescens
404 930 502 1000 intus,
523 948 592 986 cum
612 939 717 988 centro
738 949 844 991 vacuo.

291 1029 443 1109 Propriet.
466 1027 553 1087 Odor
574 1027 680 1088 nullus.
702 1027 799 1108 Sapor
818 1025 981 1088 admodum
999 1029 1155 1108 stypticns.

142 1187 149 1208 ,
250 1107 598 1207 Maudneataedinguam
620 1127 781 1208 faucesque
803 1126 887 1189 valde
909 1123 1110 1208 adstringunt.

252 1287 452 1348 neumam
475 1249 811 1348 monstrandam.
832 1284 939 1348 nauta.

315 1407 487 1466 »Gentiana
507 1409 587 1468 lutea
607 1407 641 1466 L.

292 1526 403 1586 Locus.
424 1525 548 1586 Habitat
569 1527 598 1584 in
619 1520 770 1585 montibus
783 1523 960 1607 Pyrenaeis,
982 1526 1156 1596 llelvetiae,
1200 1529 1201 1602 ἶ

253 1624 431 1688 Germaniae
452 1636 483 1686 et
503 1623 684 1686 Lusitaniae.
703 1625 807 1685 Floret
833 1646 849 1685 a
871 1623 952 1684 Maio
973 1625 1011 1684 ad
1033 1625 1156 1688 lulium.

253 1725 406 1788 Perennis.

293 1828 420 1886 Forma.
450 1824 547 1886 Radix
572 1835 617 1886 est
638 1823 816 1906 cylindrica,
851 1845 991 1902 ramosa,
1020 1846 1156 1908 rugosa,
1200 1859 1201 1868 κ

135 1921 138 1928 '
253 1925 386 2007 pedulis,
423 1924 548 2007 digitum
570 1939 623 1986 aut
643 1926 778 2006 pollicem
799 1945 913 1998 crassa,
943 1928 1069 2008 fungosa
1103 1943 1157 1989 aut

254 2024 435 2106 spongiosa,
456 2040 546 2086 extus
567 2025 693 2085 obscure
715 2025 814 2100 lusca,
836 2028 913 2086 intus
934 2025 1022 2089 lutea.

294 2125 447 2206 Proprias.
469 2127 556 2186 Odor
576 2127 681 2187 nullus.
702 2126 798 2208 Sapor
818 2126 1029 2189 amarissimus.

257 2285 555 2348 GLYCYRRHIZA.
578 2286 723 2368 Alcaeum.
745 2285 850 2348 Radix.

338 2407 543 2488 Glycyrrltica
561 2406 673 2484 glabra
694 2406 730 2466 L.

296 2526 407 2587 Locus.
429 2524 553 2585 Habitat
574 2527 603 2583 in
623 2525 693 2584 locis
709 2523 859 2599 arenosis,
880 2525 1025 2588 sabulosis
1039 2528 1158 2600 ltaliae,

255 2623 436 2706 Hispaniae,
456 2622 639 2686 Lusitaniae.
660 2625 764 2686 Floret
785 2623 870 2685 lulio.
891 2627 1042 2689 Perennis.

295 2726 422 2785 Forma.
445 2721 541 2782 Radix
562 2743 664 2784 recens
691 2737 735 2782 est
757 2722 866 2804 longa,
897 2746 1034 2799 ruinosa,
1063 2726 1158 2787 tumis

256 2824 420 2884 teretibus:
456 2836 542 2883 extus
579 2821 767 2903 ferruginea,
802 2844 929 2905 pennam
963 2825 1157 2904 anserinam,

254 2921 382 3006 digitum
404 2925 555 2983 minimum
577 2934 630 2982 aut
652 2923 784 3004 pollicem
800 2924 922 2985 demum
937 2946 1051 3003 crassa,
1072 2925 1157 2989 fibris

254 3022 449 3104 radiculisque
471 3021 595 3082 munita.
618 3023 822 3106 Parenclryma
852 3033 1030 3103 carnosum,
1067 3025 1158 3087 llari·

254 3125 346 3196 dnm,
382 3124 480 3204 quod,
516 3125 700 3184 transversim
731 3135 866 3203 sectum,
897 3125 973 3186 diros
1009 3138 1157 3188 monstrnt

256 3221 384 3284 circulos
406 3236 459 3282 aut
489 3222 614 3283 annulos
644 3223 867 3296 consenti-icor,
899 3235 1075 3306 punctulus,
1108 3249 1157 3288 ra-

255 3319 373 3398 diatos,
394 3340 521 3400 qnorum
542 3319 666 3381 interior
687 3321 778 3402 magis
799 3320 898 3381 flavet.
928 3319 1092 3404 Eliguutur'
1110 3347 1157 3384 ra·

255 3420 336 3484 dices
357 3423 451 3482 siccae
472 3420 553 3501 digiti
576 3423 685 3482 minimi
702 3432 753 3482 aut
766 3420 878 3504 pollicis
893 3421 992 3497 mole,
1013 3425 1065 3483 sed
1080 3445 1156 3484 nun·

257 3543 348 3605 quam
371 3525 539 3584 teneriores.
