2408 4148
262 281 313 356 62
647 303 728 354 atas
754 303 775 353 r.

263 415 337 480 oleis
357 437 410 480 nee
430 414 461 478 in
481 415 634 478 destillatio
654 417 800 497 solvitur,
833 417 884 480 vix
912 437 948 478 ea
977 419 1088 498 tingens
1106 435 1153 477 eo·

263 517 328 579 lore
348 515 468 580 flavido.
491 516 624 578 Solvitur
643 516 673 577 in
695 517 800 600 spiritu
821 516 902 596 vini,
934 519 1002 578 licet
1021 515 1154 600 aegrius,

262 616 379 701 ipsique
409 615 544 698 impertit
572 638 708 700 saporem
741 639 874 679 amarum
906 629 937 679 et
971 617 1152 702 stypticam:

263 715 394 778 unctura
414 728 458 778 est
479 717 578 797 rubra.
602 717 734 778 Solvitur
754 717 816 778 sere
838 722 952 800 penitus
973 721 1003 778 in
1024 719 1091 779 oleo
1104 731 1155 778 tar·

263 819 320 878 tari
341 838 395 899 per
415 815 577 898 deliquium
598 828 630 878 et
651 821 679 877 in
702 816 806 900 spiritu
828 817 895 879 salis
920 817 1096 880 ammoniaci
1117 815 1155 876 ri·

264 937 351 981 noso.
372 917 513 978 Baclsola.
545 918 634 978 Horrd
664 917 828 979 etiamnum
857 931 958 1003 patet,
990 939 1096 981 suenus
1124 917 1156 978 tit

108 1033 112 1041 ·
198 1029 204 1034 ’
263 1019 360 1080 Laeca
381 1037 418 1078 ex
438 1017 544 1078 arbore
566 1017 695 1098 stillans,
717 1024 785 1080 aere
806 1021 1002 1102 eoagulatus,
1026 1033 1081 1081 aut
1100 1018 1156 1080 col·

264 1117 376 1201 ligator
396 1117 532 1192 insectis,
557 1139 687 1200 quorum
709 1119 848 1202 reliquiae
868 1124 897 1180 in
918 1121 1097 1183 novitatibus
1114 1139 1156 1180 re·

264 1223 436 1302 periuntur,
457 1239 594 1300 quaeque
608 1219 684 1281 forte
704 1241 833 1282 massam
847 1243 912 1284 eam
928 1222 966 1282 ad
981 1221 1156 1286 ramusculos

266 1319 399 1402 affigunt.

265 1480 467 1542 Lanatum.
492 1479 631 1544 tudano.
652 1479 769 1542 Resina.

350 1599 445 1662 Cirtas
466 1602 594 1662 creticus
615 1602 649 1660 L.

311 1722 420 1782 Meus.
442 1719 565 1780 Habitat
583 1723 613 1779 in
635 1719 782 1792 Camillae,
813 1719 998 1804 aliarumque
1024 1722 1157 1806 scalpe·

268 1817 328 1901 lagi
348 1817 506 1878 insularum
528 1818 688 1879 montibus.
710 1817 882 1880 Arbustum.

307 1919 433 1980 Forma.
454 1919 561 1978 Resina
581 1916 765 2000 nigrescens,
786 1919 938 2000 emplastri
959 1920 1087 1996 duritie,
1103 1921 1156 1982 l'rn·

269 2019 320 2080 stis
342 2022 470 2099 magnis,
491 2039 569 2100 quae
589 2017 619 2078 in
636 2017 966 2101 vesicisapportautur;
986 2034 1039 2082 aut
1061 2021 1156 2092 solida,

268 2119 365 2196 dura,
395 2117 494 2195 siena,
523 2139 636 2200 opaea,
662 2120 745 2180 lusca
775 2132 829 2179 aut
852 2123 1037 2203 nigrescens,
1069 2119 1156 2184 l'rustis

270 2222 411 2281 teretibus
432 2231 484 2318 aut
504 2219 588 2280 taleis
606 2219 712 2290 tortis,
743 2241 820 2301 quae
839 2221 950 2282 fractae
972 2222 1094 2306 lucique
1114 2243 1156 2284 ex·

269 2318 385 2402 positae
405 2318 589 2403 superficiem
610 2331 775 2382 monstrant
806 2325 919 2402 punctis
945 2323 1156 2406 splendentibus

212 2470 219 2482 ,
270 2422 417 2484 refertam.

312 2522 462 2605 Proprias.
478 2521 564 2582 Odor
577 2519 831 2594 subaromatious,
852 2531 975 2600 gratuss
996 2541 1086 2606 sapor
1095 2523 1156 2584 sub·

272 2642 413 2696 amarus,
443 2619 629 2682 balsamious.
660 2621 839 2681 Manducata
859 2621 933 2682 haee
953 2620 1051 2684 resina
1071 2626 1098 2684 in
1117 2641 1157 2682 sa·

274 2721 334 2784 liva
361 2722 441 2783 haud
471 2720 606 2782 solvitur.
638 2720 793 2781 Flammae
823 2723 944 2782 admota
974 2722 1156 2800 accenditur,

273 2824 417 2904 ardetque
438 2822 558 2882 llamma
577 2821 675 2894 clara,
703 2821 846 2904 fumoque
876 2822 971 2884 suavi.
1003 2823 1079 2884 Leni
1107 2821 1157 2904 igni

269 2921 407 3006 apposita
441 2919 606 3018 mollaspits
621 2971 624 2978 .
641 2932 732 2983 aucto
762 2919 916 2995 lunditur,
949 2921 1059 2985 emisso
1079 2929 1155 3005 'grato

269 3023 372 3082 odore.
389 3021 521 3081 Solvitur
533 3018 563 3078 in
577 3019 682 3101 splritu
703 3018 763 3083 vini
785 3020 965 3094 rectificato,
989 3035 1073 3084 tanto
1087 3025 1155 3103 plus,

269 3136 383 3204 quanto
404 3122 507 3202 purior
527 3133 581 3181 est.
614 3117 701 3181 Haud
723 3119 845 3188 solvitur
866 3124 894 3182 in
915 3143 1014 3202 equa,
1048 3120 1098 3182 oui
1117 3133 1156 3180 ts·

206 3219 214 3240 ⁸
268 3241 337 3282 men
358 3222 488 3300 impertit
506 3219 697 3300 fragrantiam
717 3239 859 3299 suavem,
894 3224 1021 3282 maxime
1039 3239 1108 3280 oum
1126 3235 1156 3278 es

269 3318 425 3382 destillata.
447 3319 480 3377 ln
502 3319 582 3378 nullo
595 3318 663 3379 oleo
676 3317 815 3388 solvitur,
836 3339 1007 3400 quanquam
1022 3338 1058 3380 ee
1074 3321 1156 3399 tingat

270 3418 371 3482 colore
391 3417 591 3480 rubro-lusco.
621 3417 826 3478 Consuescunt
854 3417 1015 3480 admiscere
1044 3433 1155 3480 arenam
1186 3411 1187 3416 ¹

271 3519 428 3602 plurimam
449 3515 603 3592 subtilem,
624 3529 658 3577 ut
678 3515 793 3600 pondus
813 3530 966 3597 augeatur.
1054 3529 1056 3536 '
