2408 4148
230 272 283 346 '88
490 321 492 328 ,
613 291 696 344 atas
724 293 745 342 ι.

235 464 553 528 RHABARBARUM.
573 464 736 526 Ruibarbu.
757 463 863 526 Radix.

319 585 433 648 Rheum
450 589 619 666 palmatum
641 600 673 645 et
693 585 870 646 undulatam
892 583 927 642 L.

277 705 388 764 Locus.
410 699 533 762 Habitat
553 704 581 760 in
605 701 909 780 china,Tu1-carum
930 717 1024 780 regno
1039 697 1142 777 (tici)

231 815 269 862 'et
290 783 396 861 colitur
415 801 446 861 in
468 800 582 863 Rusaia.
604 801 753 862 Perennis.
863 853 865 858 ,

277 903 405 963 Forma.
429 899 545 962 Obviac
567 915 638 960 sunt
657 903 735 961 duae
749 899 859 982 specics
874 901 1035 983 peculiares
1051 898 1142 960 buius

238 1000 366 1062 radicis:
386 999 542 1062 nimirums
565 1003 681 1062 ercum
705 1003 844 1062 cltiucusc
866 1011 918 1062 aut
937 1003 1083 1060 turcicum
1112 1010 1143 1060 at

238 1102 354 1163 llltcum
375 1102 540 1180 cibiricum.
561 1097 671 1159 Prioris
692 1110 794 1158 extant
814 1102 990 1172 varietates,
1012 1119 1082 1158 cum
1094 1097 1143 1158 val

239 1203 331 1280 magis
354 1199 517 1282 ponderosa
539 1201 575 1260 ait
595 1196 702 1272 radix,
720 1198 768 1261 vel
788 1197 892 1272 levior,
912 1197 1065 1272 flavidiur,
1095 1199 1144 1258 val

239 1297 434 1358 rubicundior
454 1311 506 1358 aut
527 1297 565 1357 ad
584 1298 701 1358 luscum
734 1317 866 1378 vergant.
889 1297 1051 1380 vulgatior
1077 1300 1143 1357 cti·-
1194 1335 1195 1340 κ

240 1402 341 1459 neuris
363 1399 443 1459 venit
456 1397 487 1459 in
501 1398 598 1458 frustis
613 1397 804 1478 longiusculia
817 1409 869 1457 aut
883 1395 1064 1470 rotundatis,
1084 1397 1144 1479 gla-

239 1497 321 1569 bris,
340 1496 410 1557 hinc
431 1496 525 1578 planis
546 1498 623 1558 illinc
636 1497 793 1576 convexis,
815 1517 1028 1578 nonnunquam
1048 1495 1144 1556 forma
1194 1547 1195 1550 ,

240 1597 350 1678 unguis
371 1596 519 1678 equinae,
541 1597 674 1679 palmum
689 1596 851 1674 revelatis,
871 1593 1067 1679 ponderosis:
1089 1617 1141 1678 pc·
1194 1671 1195 1674 Ἴ

241 1697 434 1778 rancbymate
448 1696 563 1776 solido,
584 1701 680 1758 minus
694 1697 806 1780 fragili,
821 1695 1100 1778 rubro-variegata,
1113 1695 1143 1755 iu

243 1817 365 1860 roseum
387 1807 440 1856 aut
459 1795 571 1858 flavum
592 1797 730 1857 albumve
745 1798 876 1858 colorem
890 1809 1039 1877 vergente.
1060 1796 1142 1856 Sili·

202 1905 207 1916 '
243 1899 337 1957 ritum
360 1908 405 1957 est
425 1896 519 1978 magis
541 1896 752 1978 spongiosum,
772 1896 896 1978 fragile,
918 1894 1039 1956 minoris
1070 1917 1144 1978 pou·

242 1995 339 2073 deria,
369 1996 510 2077 pallidum
543 2008 596 2056 aut
615 1995 891 2069 albida-flavinum,
913 1995 1019 2057 eadem
1046 1995 1143 2058 forma

242 2097 391 2160 extet-tore
413 2117 447 2154 ac
468 2093 629 2162 chincnse;
650 2096 803 2178 utriusque
822 2096 923 2158 liustis
936 2095 1055 2169 seratis,
1074 2117 1143 2156 cum

242 2193 293 2254 fila
314 2195 352 2255 ad
373 2195 544 2256 siccandum
566 2198 756 2256 traiciantur.
777 2193 920 2275 Eligeudu
941 2207 1010 2257 aunt
1030 2195 1144 2268 frusta,

181 2331 186 2345 ι
243 2310 371 2374 quorum
393 2292 477 2354 color
496 2292 624 2355 fluvidus
646 2297 738 2376 magis
753 2298 780 2354 iu
796 2295 920 2356 rubrum
936 2298 1051 2377 vergit,
1072 2317 1144 2378 qaia·

242 2413 311 2452 rum
332 2411 404 2452 caro
425 2391 574 2474 variegata
589 2413 675 2454 roseo
688 2393 780 2454 colori
794 2392 960 2476 propinqua
971 2405 1032 2474 cat,
1054 2416 1145 2477 quac·

246 2511 304 2572 quc
326 2490 457 2573 pondere
479 2490 637 2552 excellunt.

286 2591 439 2667 Propriet.
470 2590 557 2649 Odor
586 2588 763 2670 peculiaris,
797 2590 906 2652 blande
941 2590 1144 2666 aromaticus,

243 2709 415 2750 nauseosua.
439 2689 535 2770 Sapor
556 2688 751 2769 subacturus,
776 2674 931 2767 austeiut,
961 2701 1014 2752 aut
1035 2695 1145 2775 stypti-

244 2787 467 2870 cua.,Speciaa,
487 2811 564 2870 quac
579 2789 692 2872 optima
706 2792 834 2868 ducitur,
856 2792 1033 2852 manducata
1048 2794 1078 2852 in
1092 2813 1145 2853 ora

244 2885 384 2965 uoluitur,
406 2885 555 2968 tingitque
575 2887 675 2948 colore
696 2909 803 2950 croceo
815 2887 968 2970 linguam,
990 2899 1089 2950 lotum
1104 2911 1146 2962 ot,

243 2985 345 3074 lauces
375 2997 406 3046 et
433 2986 576 3050 talitamt
608 2987 705 3049 minus
734 2988 813 3048 bona
841 2989 921 3049 haud
947 2987 990 3048 ita
1010 2987 1145 3052 solvitur.

246 3085 320 3162 Quo
341 3085 446 3147 melior
459 3089 549 3148 ctiam
562 3099 624 3161 est,
645 3109 681 3148 co
695 3086 793 3149 minua
808 3087 892 3170 tingit
904 3086 1033 3150 inlutum
1049 3109 1146 3172 uqua-

246 3205 332 3265 rum,
352 3205 450 3268 eoque
469 3189 565 3248 minua
586 3190 706 3249 uuacti
728 3187 876 3270 gummosi
896 3190 1028 3271 largitur.
