2408 4148
609 278 690 328 Pras
717 281 739 326 1.

264 397 392 457 Forma.
416 393 530 456 Cortex
550 394 660 466 drrrrrs,
690 393 844 474 lignosus,
878 391 985 451 lincam
1007 387 1127 450 circiter

226 515 361 567 crassus,
380 495 480 554 multis
512 494 610 554 stratis
645 491 848 574 compositus,
876 490 959 552 lacile
980 509 1126 571 separan-

227 598 288 673 dis,
321 597 433 658 fissuris
464 595 571 676 plenus
596 593 759 655 directione
790 592 897 670 variis,
932 592 1040 654 insulas
1061 590 1126 650 lere

226 699 323 760 varias
349 695 543 758 formantibus
573 715 766 777 squamosas,
796 692 920 755 maculis
948 713 1126 776 conspersus

169 861 171 868 ,
227 797 299 861 rufis
319 797 493 860 subcinereis
514 807 567 856 aut
586 795 693 870 luteis,
725 798 803 855 intua
829 794 980 854 exalbidus
1002 807 1055 853 aut
1074 790 1125 851 lu·

227 915 303 962 teus.
334 897 460 978 Lignum
488 897 697 971 durissimum,
731 897 799 958 satia
826 895 1046 976 ponderosum,
1077 893 1126 953 vel

157 1037 164 1061 l
229 999 310 1062 taleis
331 995 516 1080 longitudine
536 996 611 1059 fissis
633 997 760 1058 obscure
781 995 942 1068 viridibus,
963 991 1050 1054 undis
1070 993 1128 1052 ob-

226 1096 342 1160 scurius
363 1095 522 1167 viridibus,
556 1093 738 1175 maculisque
766 1093 976 1175 longiuscula,
1009 1091 1125 1174 nigris,

227 1214 281 1261 aut
301 1197 418 1260 flavidis
436 1197 474 1256 ad
500 1197 568 1278 ligni
589 1197 675 1256 buxei
698 1200 810 1269 instar,
841 1193 903 1256 sine
933 1195 1017 1254 audis
1045 1215 1125 1276 puu-

227 1300 361 1381 ctisque3
383 1298 428 1359 vel
449 1295 534 1357 taleis
555 1294 746 1356 transversim
766 1297 872 1368 sectis,
903 1315 1029 1375 <lanarum
1056 1315 1128 1354 ceu·

227 1411 309 1460 trum
330 1399 483 1459 obscurius
504 1393 615 1466 viride,
635 1394 773 1476 pallidius
791 1394 959 1456 alburnum.
981 1395 1127 1466 Gummi,

229 1499 301 1564 alias
322 1501 419 1559 resina
438 1511 492 1557 aut
508 1481 753 1576 ⁸gummi-serina,
774 1505 888 1576 prostat
902 1492 932 1552 in
948 1493 1012 1554 ollis
1026 1497 1126 1555 variae

229 1599 333 1672 molis,
353 1598 480 1678 fragilis,
503 1593 575 1656 semi
589 1594 754 1678 pellucido:
775 1616 835 1676 qua
848 1594 1009 1674 frangitur,
1029 1595 1127 1668 lucet,

228 1699 328 1758 colore
348 1697 457 1778 gaudet
477 1692 722 1766 obscure-luteo,
755 1693 950 1754 subrutilante
977 1709 1028 1754 aut
1050 1693 1125 1754 riri·

228 1796 364 1858 diusculo
383 1794 415 1855 in
435 1795 539 1862 eodem
561 1792 676 1864 frusto,
706 1790 872 1875 composita
900 1794 995 1872 granis
1024 1791 1125 1854 variae

229 1895 316 1957 molis
338 1893 470 1975 variique
491 1892 617 1954 coloris.-

269 1993 421 2077 Proprie't.
441 1994 527 2056 Odor
547 1994 664 2056 corticis
691 1991 824 2075 lignique
851 2007 895 2054 est
909 1994 1126 2054 ‘subaromatb

229 2117 300 2168 cus,
321 2097 343 2159 si
365 2093 480 2154 raditur
500 2107 552 2154 aut
572 2093 680 2154 calefit.
703 2095 800 2174 Sapor
820 2108 867 2154 est
886 2091 1035 2168 subacris,
1057 2115 1127 2155 aro·

228 2194 355 2256 malicus
377 2208 409 2254 et
428 2215 553 2254 amarus.
570 2195 663 2276 ¹Quae
683 2193 839 2274 qualitates
861 2195 951 2272 magis
973 2195 1000 2252 in
1016 2197 1128 2255 cortice

229 2297 441 2378 percipiuntur.
461 2295 586 2354 Resinae
606 2293 681 2353 odor
700 2303 744 2353 est
764 2293 915 2374 fragrans,
946 2313 1035 2374 sapor
1055 2315 1128 2356 aro·

228 2399 374 2472 malicus,
409 2389 505 2468 acris,
535 2412 663 2452 ainau-us.
700 2388 834 2451 Solvitur
862 2390 922 2453 fere
953 2389 1068 2472 penitus
1094 2392 1128 2454 iu

229 2492 333 2576 spiritu
354 2488 433 2564 vini,
452 2489 615 2571 parrxillum
635 2487 667 2548 in
688 2509 775 2570 aqua.
851 2566 857 2581 Ι

231 2649 368 2710 GUMMl
409 2647 696 2708 AttttONtaCUnt.
741 2649 872 2710 Garama
917 2651 1125 2712 ammoniaco.

311 2745 556 2810 Gummi-resina.

271 2869 408 2950 Ignotum
431 2887 523 2948 genus
543 2866 681 2948 plantae,
701 2885 778 2946 quae
798 2863 830 2926 id
850 2865 978 2928 exhibet.

273 2988 379 3048 Lacus.
402 2983 525 3045 Habitat
545 2982 575 3042 in
598 2990 743 3064 Aegypto.

272 3087 396 3144 Forma.
418 3077 654 3140 Gummi-resina
674 3083 703 3139 in
718 3082 814 3161 granis
828 3091 858 3141 et
869 3079 994 3144 lacrimis
1010 3101 1127 3165 separa·

232 3180 282 3262 tis,
315 3179 395 3265 puris
403 3226 413 3261 ,
447 3177 519 3240 turis
541 3177 657 3259 specie,
683 3177 856 3260 fragilibus,
884 3179 1128 3261 splendentibus,

231 3279 333 3342 albidis
354 3290 406 3341 aut
427 3276 519 3339 ssavis.
540 3277 620 3339 Haec
635 3290 680 3339 est
700 3281 812 3360 optima
825 3281 949 3362 species.
969 3281 1030 3340 Aut
1045 3280 1127 3342 venit

231 3383 260 3440 ia
280 3379 384 3442 massis
402 3389 433 3440 et
450 3376 552 3440 frustis
568 3376 747 3458 majoribus,
767 3378 931 3458 glutinosa,
951 3377 1127 3440 malliuscu-

232 3476 279 3553 la,
301 3475 420 3556 viridis,
441 3495 541 3558 aparm
560 3472 689 3536 lacrimis
711 3487 763 3536 sut
783 3479 879 3556 granis
893 3474 1012 3558 albidis,
1034 3475 1127 3541 lacri-

232 3577 308 3658 bus,
328 3575 452 3656 lucidis,
473 3573 697 3656 amygdalarum
718 3594 810 3662 mare.
