2408 4148
277 272 430 327 retranit
454 227 737 324 ansnntcsurrci
902 249 948 348 67

91 385 220 446 Fomra.
241 388 350 447 Manna
371 403 417 448 est
437 408 539 448 succus
558 399 715 447 concretus
736 386 875 465 metiens,
909 407 954 446 re·

49 483 150 546 ferens
183 486 241 546 mel
275 487 429 569 crystaffos
461 488 612 566 formans,
643 483 953 559 exalbido-ssavicans,
977 506 982 516 ’

49 605 143 666 quem
165 584 304 646 videmus
327 587 371 647 ref
400 585 430 646 in
462 588 570 648 tubulis
598 600 630 648 et
660 587 759 647 frustis
792 587 953 668 elongatis,

48 682 266 760 molliuscufis,
288 685 456 767 fragilibus,
477 707 615 768 quaeque
636 684 810 766 franguntur
834 685 864 748 in
885 708 954 768 gro·

48 786 123 846 nula
146 785 308 860 albidiora3
342 803 395 848 aut
415 784 445 846 in
467 785 534 848 offis
562 790 660 847 variae
688 787 817 868 formae,
850 793 972 848 secum*

50 883 183 946 invicem
216 885 440 968 conglutinatis,
477 886 634 958 mollibus,
666 886 804 960 viscidis,
835 886 955 950 teneris.

48 984 157 1044 Prima
179 985 275 1046 forma
295 986 462 1067 appeliatur
483 986 600 1046 Manna
621 987 652 1046 in
672 987 823 1061 tacram's,
843 989 956 1068 optima

48 1099 209 1146 censetur:
230 1084 323 1146 altera
338 1100 383 1146 est
398 1086 515 1146 Manna
529 1085 671 1165 vulgaris.
691 1087 813 1146 Praeter
826 1085 893 1164 has,
908 1107 957 1149 ves

47 1205 126 1243 num
147 1181 174 1244 it
193 1203 314 1264 quoque
337 1182 393 1242 ofia
415 1181 540 1244 varietas
561 1187 629 1244 satis
650 1183 772 1256 mellea,
793 1181 899 1244 riseida
924 1197 956 1258 et

48 1281 196 1362 humida,
218 1284 337 1344 Manna
358 1285 517 1344 colubrina
532 1283 629 1359 dicta,
649 1305 740 1364 quse,
763 1283 876 1346 etiamsi
896 1307 958 1346 ma·

48 1381 94 1466 gis
116 1393 244 1465 purget,
265 1393 310 1442 est
332 1380 499 1445 reiicienda.
550 1428 553 1434 .
950 1453 954 1462 q

90 1484 248 1564 Proprr'et.
270 1482 374 1542 Nuffus
395 1482 478 1543 odor.
501 1481 597 1565 Sapor
611 1481 704 1544 dufcis
720 1483 850 1546 melleus.
872 1487 956 1545 Man·

49 1583 163 1642 durata
187 1580 305 1642 videtur
325 1580 452 1642 farinosa
474 1585 625 1663 protinus,
645 1582 713 1644 dein
733 1581 764 1642 iu
785 1582 874 1646 soliva
901 1585 958 1646 sof-
1008 1635 1012 1652 .

53 1681 143 1760 ritur,
168 1703 231 1764 quo
252 1681 329 1743 facto
352 1701 458 1761 sapore
480 1683 618 1762 insignior
638 1692 692 1742 est.
726 1683 758 1742 fn
780 1700 857 1764 aqua
879 1683 956 1762 bene

49 1783 191 1852 solvitur,
212 1779 297 1841 citius
318 1784 347 1840 in
368 1781 498 1854 fervida,
518 1781 602 1862 cujus
622 1781 738 1863 pondus
759 1783 882 1865 aequale
896 1783 956 1844 snf·

47 1881 124 1943 ficit.
147 1881 210 1942 Sed
244 1893 403 1962 postquam
438 1880 550 1942 refrixit
585 1881 713 1961 solutio,
746 1884 955 1966 crystallorum

47 1983 147 2041 forma
170 1979 295 2038 fundum
317 1979 425 2038 Manna
448 1982 531 2061 petit.
554 1977 687 2040 Solvitur
708 1999 828 2062 quoque
850 1981 880 2043 in
901 1985 956 2064 spi-

48 2085 110 2141 ritu
133 2077 195 2140 vini
217 2077 380 2139 rectificato
392 2061 406 2151 ,¹
421 2099 477 2159 ope
498 2078 620 2150 caloris,
640 2081 691 2141 sed
705 2080 824 2142 minime
838 2082 867 2142 in
883 2085 954 2144 oleis

48 2181 118 2242 fixis
140 2189 195 2239 aut
214 2177 371 2260 expressis.
393 2179 548 2239 Flammae
569 2179 690 2241 admota
710 2182 862 2262 funditur,
889 2208 956 2268 spn-

49 2291 133 2356 mat,
167 2277 307 2360 panditur
334 2289 365 2338 et
394 2277 480 2338 ardet
508 2276 639 2340 flammn'
658 2282 815 2359 caerulea,
846 2285 954 2346 multas

49 2376 193 2440 scintillas
214 2376 306 2440 flavas
328 2376 493 2465 proficiens.

49 2537 305 2600 MARRUBtUM.
328 2539 494 2598 Marroios.
514 2541 612 2602 Folia.

134 2659 331 2721 Murredium
353 2663 474 2740 vulgare
495 2663 530 2722 L.

92 2779 207 2838 Locus.
228 2777 350 2839 Habitat
381 2780 419 2839 od
440 2779 587 2862 margines
618 2783 747 2856 riorum,
768 2784 798 2844 in
820 2783 890 2848 focis
911 2788 954 2848 iu-

50 2876 140 2938 cuftis
162 2878 340 2938 Lusitaniae.
362 2876 466 2938 Floret
487 2879 597 2938 aMaio
613 2879 650 2940 ad
666 2879 783 2944 fufium.
805 2883 952 2946 Perennis.

92 2980 222 3038 Forma.
244 2976 332 3036 Folia
355 2989 425 3040 sunt
445 2977 561 3052 oralia,
582 2980 633 3040 sad
654 3002 741 3062 saepe
762 2997 869 3061 ovata,
901 2999 954 3046 aut

50 3075 262 3148 snbrotunda,
292 3096 419 3158 rugosa,
449 3075 589 3158 utrinque
618 3080 733 3155 villosa,
761 3083 953 3164 inaequafiter

20 3225 23 3234 .
48 3190 194 3255 uenata,
214 3174 336 3256 incana,
359 3176 532 3258 pollicaria‚
552 3176 667 3260 petiolis
695 3179 812 3243 striatis.
844 3183 951 3244 Cautes

49 3277 162 3348 erecti,
192 3273 360 3356 tetragoni,
392 3274 491 3336 albida
511 3287 649 3338 tomento
670 3279 811 3356 obducti,
833 3282 951 3346 ramosi.
1041 3335 1044 3345 .

48 3377 140 3437 Romi
163 3374 292 3456 oppositi
311 3374 421 3436 similes
442 3375 585 3437 caulibus.

92 3475 244 3554 Propriet.
278 3473 365 3534 Odor
394 3475 542 3556 fragrans,
577 3487 704 3557 gratus,
736 3483 892 3563 praecipue
926 3480 951 3542 si

51 3574 122 3638 folia
144 3573 298 3636 fricantur.
320 3574 417 3657 Sapor
437 3595 576 3654 amarus,
595 3578 743 3657 subacris,
761 3579 929 3662 persistens.
