2408 4148
277 259 429 312 nnrnnu
451 256 738 314 ausnuncanucs
903 239 953 344 49

40 383 161 433 calum.
186 371 264 453 lgnis
285 373 450 446 violentus,
481 378 543 436 sine
565 377 641 438 airis
660 386 821 458 eonuetu,
858 379 954 443 fundit

38 475 161 534 serrum
185 472 327 551 omnino,
361 473 480 535 demum
509 477 573 536 abit
601 475 739 537 facillime
772 481 800 538 iu
821 479 953 559 calcem,

38 577 133 635 variis
155 573 332 645 coloribus,
351 575 390 634 ab
409 579 495 658 nigro
508 575 578 638 inde
592 578 630 638 ad
646 579 814 660 puniceum.
832 579 862 639 Si
876 582 953 644 bene

39 674 153 748 ardet,
189 672 329 734 scintillas
358 674 474 756 proiicit
505 695 573 736 eum
609 675 729 738 llnmrna
764 678 952 743 lucidissima.

36 773 188 836 Solvitur
203 771 239 848 jn
260 775 396 834 omnibus
416 773 533 849 aridis3
566 774 596 836 in
627 777 715 838 acido
745 776 854 840 vitrioli
874 800 977 862 aqua.

35 876 144 936 diluto
167 873 295 934 solvitur
323 872 386 934 sine
415 878 534 955 negotio
565 890 596 936 st
625 897 692 937 eum
724 877 857 957 fenore,
891 900 953 960 quo

35 976 127 1035 iacto
140 973 304 1055 ‘prodeunt
325 993 449 1054 vapores
468 971 717 1054 inflammabiles‚
752 997 805 1058 gan
827 992 882 1038 eut
901 983 953 1040 aiis

33 1071 281 1136 inflammabilis.
310 1070 427 1134 Solutio
448 1071 568 1153 viridis,
596 1074 713 1150 colata,
741 1075 772 1136 in
789 1077 954 1156 erystallos

36 1173 172 1251 abiens,
197 1174 361 1236 Vitriolnm
384 1175 479 1233 viride
499 1188 553 1234 aut
566 1177 649 1255 firri
670 1173 800 1236 exbibet.
816 1177 850 1237 ln
866 1175 952 1238 neido

34 1274 116 1336 nitri
138 1271 278 1336 facillime
299 1270 442 1345 solvitur,
460 1272 560 1334 calore
581 1285 612 1335 et
631 1273 748 1338 seriore
768 1274 951 1357 insignibus,

35 1372 213 1457 vaporibus
234 1370 331 1432 rubris
351 1371 438 1432 simul
458 1370 692 1454 prodeuntibus,
724 1394 802 1455 quae
824 1396 877 1456 gns
898 1385 951 1438 aui

36 1479 150 1535 a'e'rens
172 1469 320 1532 nitrosum
348 1472 541 1532 constituunt.
575 1469 692 1532 Solulio
723 1471 798 1533 beer
823 1472 901 1534 llava
921 1476 951 1536 iu

38 1573 208 1658 crystallus
229 1570 311 1632 band
331 1571 411 1646 abit,
439 1591 509 1632 eum
538 1569 615 1632 airis
635 1572 776 1634 humores
797 1576 951 1656 attrabat,

39 1675 130 1758 quod
151 1670 410 1754 periermeniis,
437 1669 462 1733 si
482 1669 521 1732 nd
539 1673 702 1732 siceitatem
723 1692 817 1753 usque
838 1693 950 1753 erapo-

37 1787 112 1837 rnta
132 1773 236 1834 luerit.
260 1773 295 1833 ln
315 1770 403 1832 arido
425 1774 538 1832 marino
558 1772 635 1832 bene
655 1772 799 1846 solvitur,
828 1772 952 1834 avolan-

36 1876 129 1938 tibus
149 1871 314 1955 vaporibus
335 1870 592 1933 inflammabilibus
615 1871 742 1950 (eodem
757 1870 867 1949 modo,
889 1892 952 1953 qun

37 1973 162 2037 solutio
183 1971 214 2032 in
236 1971 323 2031 saido
342 1969 452 2032 ritrioli
474 1968 576 2051 egitir
610 1969 721 2032 solutio
751 1969 827 2030 baec
851 1969 952 2034 viridis

36 2086 99 2137 est.
122 2073 262 2152 Denique
285 2069 427 2143 solvitur,
446 2068 516 2130 licet
536 2067 675 2150 aegrius,
696 2071 725 2129 in
746 2066 838 2129 scidis
859 2089 952 2151 rege·

37 2171 210 2236 rabilibus:
232 2191 268 2231 ex
288 2168 428 2230 omnibus
449 2167 494 2228 his
515 2165 711 2229 solutionibus
724 2168 836 2228 ferrum
850 2164 951 2250 aigne·-

39 2294 134 2336 seens
156 2268 385 2352 praecipitatur,
418 2267 442 2330 si
471 2288 539 2348 pars
570 2268 737 2348 plantarum
763 2264 950 2350 adstringens

39 2371 183 2434 additur.
204 2368 316 2430 Alralia
337 2366 397 2428 fixa
419 2388 493 2446 pura
514 2380 567 2427 aut
587 2367 725 2446 volatile,
747 2388 824 2448 aqua
839 2366 949 2440 diluis,

40 2471 207 2532 manifesto
227 2467 260 2528 in
280 2467 389 2528 serrum
410 2479 519 2547 agunt,
538 2487 625 2541 nam,
646 2476 805 2547 postquam
825 2487 878 2548 per
896 2467 951 2528 ali·

42 2583 125 2654 quot
145 2571 209 2630 dies
231 2563 357 2648 digestio
378 2569 548 2626 continuata
564 2565 670 2642 suerit,
693 2563 822 2646 liquores
837 2565 950 2628 turbidi

40 2672 148 2749 fiunt,
173 2665 243 2728 sarri
257 2676 341 2748 parte
349 2709 360 2740 ,
380 2665 475 2726 forms
491 2662 662 2746 Aethiopis,
679 2663 805 2724 fundum
818 2676 947 2746 petente.

41 2769 188 2852 iungitur
207 2763 348 2836 facillime
365 2785 434 2824 eum
463 2762 594 2842 sulfure,
627 2763 699 2828 dum
728 2761 881 2840 funditur,
915 2785 949 2826 ne

41 2891 120 2932 cum
143 2865 282 2928 omuibus
303 2864 427 2926 metallis
447 2861 566 2943 ligatur.

42 2989 333 3092 soanscnnnnn.
354 2989 493 3082 nuncio.
514 3019 627 3094 nana,
647 3017 758 3096 neta,
777 3021 897 3082 semina.
1010 3020 1015 3030 ¹

132 3146 286 3208 Arretinum
307 3141 506 3204 Foenr'culum
527 3141 563 3200 L.

94 3265 205 3325 Locus.
227 3259 348 3321 Habitat
365 3261 397 3318 iu
418 3254 601 3338 rupestribu's
630 3256 810 3322 Lusitaniae.
844 3257 950 3322 Floret

42 3386 71 3425 a
91 3360 181 3426 lunio
202 3357 241 3421 nd
263 3361 438 3439 Augustum.
460 3353 589 3415 Biennis.

94 3463 226 3524 Forma.
245 3457 341 3521 Radix
360 3451 603 3536 otiosissimis,
634 3463 754 3538 tenere,
784 3455 868 3530 olba,
886 3478 949 3540 ²ru·

134 3561 260 3623 Paean.
280 3557 477 3618 Lnsnnanrca.
850 3553 871 3613 5
