2408 4148
247 265 297 363 94
632 288 714 338 raus
739 290 761 335 1.

246 401 285 460 ab
306 400 398 462 altera
421 410 507 483 parte
528 398 687 475 convexis,
709 400 747 460 ab
768 397 860 460 altera
873 393 1030 475 concavis,
1050 393 1137 455 undo

246 498 455 576 crassioribus,
475 497 704 580 subdiaplrauis,
724 500 796 559 dum
818 517 908 580 purus
927 510 983 558 est.
1011 496 1137 576 Compo-

244 610 358 660 nuutur·
377 596 434 659 filis
454 597 664 679 longiusculis,
690 597 836 659 flexilibus
862 610 896 658 ut
919 595 970 656 iila
999 593 1138 656 metallica

247 698 414 758 adeersum
430 717 523 777 usqua
538 697 679 777 gradum,
699 693 870 778 priusquam
886 707 1048 776 rumpant,
1067 695 1135 776 pris·

246 793 435 876 motibusque
458 793 628 874 tetraedris,
650 813 729 875 quae
744 795 772 854 iu
786 791 957 875 pyramides
970 791 1082 853 meum
1094 811 1139 873 pa·

150 961 152 966 ,
246 896 318 956 riter
337 893 510 955 tetraedras.

110 977 117 996 ¹
280 995 435 1075 'Proprias
457 992 553 1075 Sapor
568 990 664 1067 ocris,
684 989 824 1056 vellicans
838 1005 870 1054 et
882 1009 1055 1053 uauseosus.
1079 987 1138 1051 Sol·

198 1113 201 1118 ’
246 1094 373 1158 vlturio
393 1093 547 1176 quincupla
568 1103 620 1154 aut
641 1093 775 1175 sextuplo
797 1095 931 1174 portione
952 1111 1049 1173 aquae
1069 1087 1139 1170 stigi-

246 1196 320 1268 dae,
349 1213 417 1256 curo
444 1214 504 1276 qua
537 1190 639 1274 iugens
672 1193 762 1275 frigus
785 1185 951 1275 producit,
978 1211 1014 1252 ac
1034 1190 1096 1252 iere
1115 1193 1138 1249 in

246 1293 363 1376 aequali
385 1292 471 1376 copia
492 1311 588 1374 aquae
608 1289 747 1354 fervidae.
768 1277 914 1367 Crislelli,
936 1291 1016 1353 lenta
1036 1309 1139 1372 esopo·

246 1375 360 1455 ratione
380 1407 467 1454 natae
489 1391 653 1474 pyramides
673 1389 779 1453 sistunt
799 1392 960 1453 decaedrss
975 1389 1139 1473 longiuscu-

245 1494 309 1571 las,
330 1504 383 1564 aut
404 1495 541 1576 prismata
562 1491 713 1552 octaedra.
736 1493 801 1552 deri
815 1489 966 1574 expositus
980 1489 1064 1552 haud
1079 1509 1139 1550 mu·

247 1605 343 1678 satura
368 1592 407 1653 ad
437 1594 533 1673 ignem
562 1600 615 1650 aut
643 1591 779 1651 tabulam
806 1588 950 1653 lusorium
983 1589 1084 1652 avolat
1114 1599 1139 1650 et

247 1692 433 1754 sublimatur.
449 1692 537 1752 Calue
554 1691 683 1752 admixta
699 1693 727 1751 in
742 1689 899 1774 particulas
914 1689 1041 1770 secedit,
1057 1694 1138 1752 etiam

246 1793 385 1855 elcalibus
406 1790 479 1854 fisis.

249 1952 322 2012 stt.
358 1951 647 2012 CATHlsllTlCUS
683 1951 856 2012 AlllAllUS.
888 1950 942 2012 Sal
974 1947 1137 2011 cathartico

287 2070 424 2131 amargo.
447 2049 498 2108 Sal
519 2063 623 2110 neuter
645 2056 768 2109 terreus.

327 2165 457 2228 Nutrrrm
472 2167 632 2246 fluitantem
653 2170 687 2230 L.

328 2271 488 2349 Magnesia
509 2269 664 2330 ritriolata
685 2269 802 2348 Bergm.

289 2392 397 2451 Locris.
418 2390 539 2449 Natirus
561 2388 708 2447 inuenitur
729 2386 759 2446 in
780 2387 909 2447 lontibus
931 2387 1081 2470 pluribus,
1110 2399 1139 2445 ut

246 2477 403 2570 Egerauo,
425 2485 588 2546 Setllizcnsi
609 2497 685 2560 etc,
707 2506 804 2565 neque
825 2486 922 2546 minus
944 2491 972 2547 itt
994 2498 1084 2548 terra.

287 2584 419 2647 Forma:
437 2586 487 2646 Sal
508 2585 684 2645 calliarticus
707 2606 824 2646 amarus
846 2597 891 2646 est
919 2588 960 2646 sal
981 2599 1138 2662 aeriter,e

247 2684 396 2746 connubio
417 2683 491 2745 acidi
513 2682 648 2744 vitriolici
669 2705 736 2744 cum
751 2687 898 2765 magnesia
913 2699 1010 2746 natus.
1033 2685 1139 2744 Occur-

247 2789 284 2848 rit
303 2785 447 2867 crystallis
468 2787 594 2865 exiguis,
616 2784 784 2865 pellucidis,
805 2806 911 2845 acuum
945 2788 1061 2866 specie,
1091 2793 1137 2844 aut

247 2883 436 2968 prismatibus
464 2883 640 2962 tettacdris,
672 2905 750 2966 qliae
778 2883 808 2944 in
839 2886 1007 2966 pyramides
1032 2883 1137 2945 abeunt

247 2983 375 3045 dictitas.
441 3043 444 3050 ,

287 3081 437 3161 Proprirt.
459 3081 556 3161 Sapor
576 3091 620 3140 est
632 3079 771 3161 frigidus,
792 3079 912 3152 salitus,
932 3079 1136 3142 amarissimus.

247 3177 380 3241 Solvitur
399 3178 429 3238 iu
450 3179 494 3239 bis
515 3192 597 3238 tanto
627 3199 723 3261 aquae
750 3179 871 3261 frigidae
903 3191 934 3241 et
964 3184 993 3240 in
1023 3179 1137 3240 dimidia

246 3289 331 3362 parte
350 3298 448 3359 aquae
469 3279 591 3339 calidae.
614 3279 751 3362 Crystalli
765 3301 817 3362 per
830 3281 938 3342 lentam
953 3284 1136 3363 evaporatio·

247 3399 316 3440 uem
337 3393 423 3438 natue
438 3377 576 3459 prismata
591 3379 717 3439 formosa
733 3380 918 3442 constituunt
934 3378 1078 3462 pellucida
1094 3390 1136 3439 te·

161 3499 193 3547 ί
246 3475 382 3554 uaedra,
403 3477 603 3562 pyramidibus
618 3483 726 3562 pariter
741 3479 894 3558 tetraedris
909 3485 1073 3542 terminata.
1094 3477 1135 3538 sd
