2408 4148
317 325 470 377 narsum
495 321 778 376 aaanuacaurrca
923 295 990 370 105

134 441 265 502 Forma.
287 441 385 500 Radix
405 438 547 521 simplex,
579 437 760 522 inaequalis,
794 433 896 496 multis
917 433 996 496 radi·

87 541 169 603 cuiis
191 539 388 624 longiuscuiis-
402 539 527 602 munita.

134 641 289 720 Propriet.
321 640 409 699 Odor
434 639 581 716 foetidus,
613 637 716 700 similis
737 640 783 712 ei,
803 657 893 719 quem
914 654 993 717 aqua
1068 689 1073 700 ,

87 743 209 822 spargit
229 742 258 800 in
278 759 347 802 vaae
368 738 466 820 ligneo
486 749 637 820 corrupte.

89 901 212 960 SPlNA
236 899 421 960 CERVINA.
443 899 578 978 Espinba
603 899 732 958 cervina.
756 897 880 958 Raucae.

178 1019 335 1078 Riaamuus
357 1015 540 1078 catharticae
561 1019 598 1078 L.

133 1138 248 1197 Locro.
271 1134 396 1196 Habitat
425 1137 455 1194 in
485 1133 556 1196 locis
575 1133 704 1196 humidis
724 1136 913 1207 Lusitaniae,
935 1147 994 1200 ¹to·

90 1242 217 1320 tiusque
237 1237 387 1319 Europae.
409 1235 514 1296 Floret
536 1234 628 1318 Aprili
649 1244 680 1295 et
701 1233 793 1296 Maio.
814 1236 922 1295 Arbor.

134 1341 269 1400 Forma.
289 1336 386 1398 Bacca
408 1347 454 1396 est
478 1333 676 1414 subglobosa,
707 1333 763 1418 pisi
783 1332 881 1414 mole,
912 1333 997 1416 apice

87 1434 298 1520 planiuscula‚
319 1431 448 1494 umbilici
470 1431 538 1493 loco
559 1431 760 1504 tuberculum,
781 1432 900 1513 glabra,
925 1429 997 1492 iuci-

88 1538 151 1614 da‚
173 1533 359 1616 nigrescens,
380 1531 615 1614 pareucbymate
630 1530 836 1606 vir-idiomata,
855 1531 996 1616 pulpcso,

89 1636 290 1709 sumuiento,
324 1635 405 1715 quod
436 1633 570 1696 continet
595 1644 724 1714 quatuor
754 1633 867 1694 semina
888 1648 996 1706 ovata,

88 1734 211 1819 postiae
232 1753 383 1806 convexa,
414 1734 453 1794 ab
484 1737 580 1793 antica
612 1743 823 1814 partescum,
857 1736 997 1814 utrinque

88 1855 288 1917 compressa,
309 1832 473 1906 subnitida,
501 1833 596 1894 fusca.

135 1935 286 2014 Propriae.
310 1932 396 1992 Odor
417 1930 535 1991 nullus:
556 1951 646 2012 sapor
660 1930 776 1993 modius
791 1930 868 1991 inter
881 1931 997 1992 duicem

91 2053 313 2112 amarumque,
333 2033 465 2112 protinus
486 2051 670 2106 nauseatus,
692 2031 760 2091 dein
782 2032 993 2114 substyptioua.

91 2133 294 2196 Mauducutae
315 2130 433 2214 tingunt
452 2129 576 2192 salivam
597 2131 697 2192 colore
716 2128 807 2210 viridi
821 2128 853 2194 io
871 2132 996 2194 rubrum

91 2245 246 2318 uergente.
782 2249 784 2260 ¹

92 2395 284 2458 SPONGIA.
307 2393 454 2474 Esponja.
477 2393 668 2477 Zoopbytou.

93 2491 95 2502 Ι
176 2515 314 2597 Spongia
334 2514 503 2596 offimnalis
524 2515 560 2574 L.

136 2637 248 2704 locus.
270 2635 391 2695 Habitat
403 2631 434 2694 iu
449 2637 522 2697 masi
543 2633 762 2698 mediterraneo
777 2650 807 2696 et
820 2633 995 2697 brasiiiensi.

130 2739 262 2798 Forma.
286 2736 416 2818 Spongia
436 2746 484 2796 est
503 2733 664 2795 substantia
680 2733 794 2810 mollis,
812 2735 924 2796 fibrosa
945 2747 998 2796 aut

91 2849 224 2916 stupea,
255 2833 356 2896 colore
387 2837 477 2914 magis
506 2830 641 2894 minusve
669 2831 780 2894 fluvido
808 2848 860 2896 aut
886 2834 997 2912 fusca,

90 2934 287 2998 foraminibus
308 2948 360 2994 aut
381 2931 484 2995 loculis
505 2933 621 3017 plausa„
640 2933 747 3016 quibus
767 2936 910 2998 humores
930 2953 996 2996 sor-

90 3037 187 3113 bens,
217 3045 326 3115 turget.
353 3034 496 3115 Eligendus
521 3041 566 3096 est
587 3034 794 3133 subtiiipsirna,
824 3033 994 3112 levissima,
1014 3111 1017 3116 1

91 3134 287 3196 foraminibus
307 3135 437 3214 exiguis,
457 3131 559 3192 colore
580 3130 710 3211 fluvido,
743 3131 836 3194 libera
857 3131 996 3194 sordibus

90 3246 123 3298 et
143 3235 325 3294 concharum
345 3231 461 3309 frustis,
483 3253 560 3314 quae
580 3253 669 3313 saepe
690 3233 837 3295 continet.

133 3335 287 3412 Propriae.
309 3333 427 3394 Nullum
448 3333 538 3396 babet
559 3333 703 3418 odorem,
726 3353 824 3416 oeque
846 3355 992 3417 saporem.

91 3436 149 3502 Est
169 3432 242 3498 satis
264 3431 394 3499 eiaatica.
