2408 4148
295 297 448 350 uarauu
472 299 760 352 anianaceorics
920 279 968 375 93

71 424 103 470 et
122 407 263 491 iuligine,
285 417 440 494 superstite
471 415 601 478 callione
633 417 729 499 nigro.
754 413 879 480 harinae
908 416 973 496 plus

70 509 167 571 habet
188 531 279 591 quam
300 517 423 594 gummi.

69 668 197 730 stou.
219 670 311 750 Saga.
334 671 457 734 Gummi
477 687 528 735 aut
549 675 692 758 amylum.

153 789 255 868 sagus
274 810 297 850 a.
320 771 609 872 Palmajarinan'a
630 793 760 875 Rumph.
782 791 912 854 amhoin.

111 905 226 968 Locus.
249 907 373 970 Habitat
393 912 421 970 in
443 912 515 972 locis
535 910 663 974 humidis
690 925 723 972 et
749 911 898 993 paludosis
926 911 973 972 in·

68 1005 206 1066 aularum
227 1007 431 1070 Molueearum
453 1021 484 1070 et
503 1009 534 1070 in
554 1012 700 1071 Malacae.
720 1011 828 1072 Arbor.

111 1107 242 1166 Forma.
263 1107 343 1188 Saga
363 1107 481 1168 exhibet
501 1129 591 1190 gruna
605 1109 805 1190 subglohosu,
827 1124 880 1170 aut
900 1111 972 1170 suh·
1026 1173 1030 1180 ,

67 1203 233 1284 angulata,
253 1205 437 1287 inaequalia,
458 1207 559 1290 glabro
577 1250 585 1283 ,
605 1207 720 1281 albida,
741 1222 825 1270 extus
853 1208 973 1281 lurida,

68 1302 205 1362 medulla
226 1303 363 1366 eandida.
384 1305 514 1369 Fiunte
545 1295 673 1369 medulla
705 1309 828 1370 Palmae
857 1307 970 1383 diotae,

67 1401 133 1462 fera
156 1402 263 1464 eodem
285 1405 397 1483 modo,
419 1426 481 1486 quo
500 1407 630 1488 amylum
646 1427 662 1466 e
676 1407 828 1468 tuberibus
842 1408 972 1470 Butatas.

113 1501 266 1582 Propriet.
281 1488 405 1563 Nullum
425 1503 516 1564 hahet
531 1504 675 1578 odorem,
695 1504 809 1564 nullum
825 1525 972 1587 saporem.

70 1599 223 1660 Dentibus
244 1601 456 1663 manducatum
477 1603 640 1682 adhaeret,
662 1624 716 1664 nee
736 1601 768 1664 in
797 1605 888 1667 soliva
917 1605 972 1665 sol·

70 1699 161 1762 uitur.
183 1701 293 1762 Parum
315 1700 346 1762 iu
366 1723 444 1783 aqua
464 1701 571 1784 frigida
590 1702 738 1764 mollescit
757 1723 812 1764 neo
831 1704 971 1765 solvitur:

69 1797 187 1859 lerrida
209 1798 320 1876 mollit,
340 1811 457 1881 turgere
478 1801 547 1860 lacit
567 1814 598 1861 et
618 1799 772 1862 constituit
792 1800 974 1882 gelatinam‘,

68 1897 145 1958 licet
165 1918 257 1977 granu
276 1897 400 1958 formam
416 1912 542 1960 servent.
564 1896 756 1980 Frigesceute
771 1921 865 1982 aqua,
887 1901 969 1981 gela-

69 1994 135 2058 tiua
157 1995 288 2058 nuscitur
308 1993 451 2079 insipida,
473 1995 583 2058 mollisr
607 1995 675 2078 igne
703 2000 808 2058 iterum
836 2001 972 2080 imposita

67 2095 166 2178 magis
188 2095 354 2179 spissescit,
375 2117 429 2158 neo
449 2097 591 2158 funditur.
614 2099 676 2158 Nea
697 2098 767 2159 oleis
788 2119 842 2158 nac
868 2098 972 2180 spiritu

72 2195 135 2258 vini
156 2195 289 2257 solvitur.
319 2197 378 2256 Per
398 2193 498 2280 plure's
518 2217 612 2257 annos
633 2198 713 2258 haud
736 2209 856 2258 mutatu
872 2197 970 2280 persi-

70 2306 155 2356 stunt
175 2316 287 2374 grana,
307 2294 374 2356 loco
395 2294 474 2356 sicco
495 2311 632 2358 serrata:
652 2295 834 2358 contrarium
865 2295 972 2360 occidit

70 2395 141 2456 loeo
161 2393 297 2456 humido.

71 2555 147 2614 SAL
178 2552 450 2616 AMMONtAcUS.
484 2555 540 2619 Sul
562 2559 765 2614 ammoniaco.
794 2554 842 2614 Sul
866 2565 971 2617 neuter

110 2651 273 2734 perlectus.

151 2771 260 2860 Allsali
280 2771 400 2832 volatile
420 2772 608 2832 nauriatirum
630 2773 747 2854 Bergm.
815 2779 821 2794 ‘

108 2892 223 2952 Locus.
253 2889 377 2952 Nativua
411 2890 559 2952 invenitur·
591 2889 623 2951 in
657 2889 790 2982 ravariiis
824 2894 969 2953 montium
1015 2961 1019 2967 ,

66 2991 309 3075 ignivomarum,
331 2990 362 3051 in
383 2991 555 3052 caritatibus
569 2977 738 3072 pumieum‚
757 2991 788 3052 ia
811 3003 906 3052 terrae
921 3013 970 3053 su·

67 3090 191 3175 per-ficio
225 3106 279 3153 aut
307 3091 427 3173 rupibus
461 3091 622 3166 adhaeret,
644 3104 745 3173 petrae
766 3111 820 3152 seu
840 3089 970 3174 pulveris

66 3195 186 3265 lomna,
206 3190 238 3253 iu
259 3191 360 3252 Persia
382 3202 439 3252 ete.

109 3293 242 3352 Formo.
272 3290 322 3352 Sal
353 3293 553 3352 ammoniacus
574 3292 739 3351 eommunis
765 3305 810 3350 est
831 3289 873 3350 sal
895 3311 969 3350 neu·

68 3401 117 3453 ter
137 3372 306 3474 perlectus,
333 3411 351 3451 a
377 3387 527 3452 connubio
557 3387 632 3450 acidi
661 3392 764 3450 marini
789 3411 858 3451 cum
884 3387 969 3450 uleali

70 3489 181 3556 volatili
196 3509 337 3570 umens,
365 3489 418 3575 qui
444 3488 603 3557 advehitur
628 3487 731 3552 massis
760 3489 968 3564 silbamunda,
1022 3513 1045 3554 a*
